3056 4986
625 125 1020 252 -ιιο--”

199 371 361 440 Lamaohi
377 383 527 452 matrem,
556 390 711 456 quaenam
724 372 838 454 luerit,
859 375 988 459 penitus
1008 375 1052 438 ait
1075 373 1203 437 nesciri.
1256 369 1367 458 Nuga-

202 494 254 541 tur
271 479 356 540 enim
372 475 491 540 Suidas
515 495 603 540 ιιιοιο
623 472 742 542 solito:
769 477 806 542 K
813 497 983 563 οισυρα
1009 498 1091 558 γυνη
1112 467 1347 567 'fidinatem’
1317 499 1368 540 tv·

203 577 299 668 γινὴς
324 583 381 646 καὶ
407 575 565 656 πλουσία,
594 574 707 663 μήτιγρ
711 577 974 662 Μεγακλέους
969 579 1038 644 και
1056 569 1354 662 Λαμάχου
1296 615 1366 657 --,

204 680 263 746 ubi
284 682 355 744 vide
379 679 578 771 praeclaram
605 681 646 744 1..
676 679 810 771 Kasteri
832 683 1083 746 adnotationem.
1144 667 1246 758 Quid,
1279 627 1368 764 quod

172 782 366 850 Lamaohi
386 797 519 850 ntatrem
540 785 708 868 ignorarit
722 785 787 846 iam
809 782 999 848 Plutarchus
1023 782 1088 848 Vit
1103 779 1264 846 Alcibiad.
1287 805 1314 846 e.
1334 785 1367 846 1.

205 887 269 968 alys
295 881 414 992 Νικίου
439 889 499 971 μὲν
524 891 579 952 και
604 887 840 968 Λημοσθένους
864 892 931 950 καὶ
957 881 1169 970 Λαμάχου
1184 877 1369 961 -οιιδινὰς

197 979 320 1055 οὐδ’(
302 1014 323 1069 η
349 981 455 1076 μῇιιγρ
481 981 643 1071 ὀνόματος
668 993 891 1072 ιιιιυχιν-.
925 987 990 1050 Sed
1008 989 1158 1050 continuo
1174 986 1291 1052 salsum
1308 999 1369 1066 est,

209 1083 294 1174 quod
320 1101 444 1173 patrem
474 1091 630 1154 eiusdem
645 1089 805 1154 Lamaohi
831 1101 948 1154 nomen
976 1087 1183 1174 Xenophonti
1215 1087 1375 1156 habuisse.

208 1189 331 1256 scribit.
380 1193 451 1256 lmo
471 1192 696 1277 Xenophanes
718 1191 774 1258 ille
796 1191 977 1278 appellatus
1002 1205 1070 1270 est,
1095 1190 1390 1258 ‘consentientibus

137 1274 142 1291 .
210 1293 356 1378 Thucyd·
378 1294 437 1374 Vl,
460 1301 493 1360 8.
531 1295 640 1360 Schol.
666 1296 706 1358 ad
728 1295 868 1360 Acharn.
898 1319 928 1362 v.
954 1297 1039 1358 258.
1071 1295 1198 1378 (269.)
1220 1293 1369 1378 aliisque.

205 1394 369 1481 Nimirum
397 1399 446 1462 vir
476 1401 616 1481 optimus
639 1394 894 1482 Xenophanem,
929 1396 1088 1484 Lamaohi
1118 1409 1260 1482 patrem,
1297 1417 1376 1460 otutr
1431 1393 1438 1401 ⁸

124 1538 131 1542 ·
208 1499 449 1582 Xenophanto,
470 1499 522 1563 vel
539 1503 644 1584 potius
662 1498 899 1582 Xenophonte,
923 1499 1112 1583 Hieronymi
1129 1514 1239 1583 patre,
1258 1499 1369 1589 neseio

209 1623 272 1686 quo
290 1616 384 1685 pacto
400 1603 550 1667 confudit.
585 1600 706 1666 Evolve
723 1601 831 1669 Sahal.
850 1602 890 1664 ad
907 1599 991 1664 Nuh.
1008 1624 1037 1664 v.
1057 1607 1141 1666 348.
1167 1593 1284 1688 ἄγριόν
1296 1625 1371 1669 τινα

209 1703 416 1786 adaluuino
441 1700 576 1780 τούτων,
598 1695 727 1787 οἷόνπερ
753 1698 812 1770 τὸν
827 1697 1050 1792 Ξενοφάντου.
1073 1700 1221 1768 Ceterum
1236 1706 1270 1766 in
1284 1701 1370 1768 libro

20 1804 21 1808 ’
100 1839 104 1845 «
210 1803 341 1869 Veneto
363 1796 493 1893 οἷόνπερ
515 1797 576 1871 adv
599 1799 794 1894 Ξενοφῶντα
814 1803 952 1890 legitur,
979 1804 1073 1867 docta
1095 1824 1176 1869 sano
1191 1803 1372 1892 παραδιόρ·

210 1909 320 1984 riuum
344 1905 481 1972 alieuius
502 1907 722 2026 grammatici,
753 1909 810 1992 qui
830 1902 924 1970 huius
950 1903 1178 1989 Xenophontis
1204 1904 1371 1972 libidinem
1476 1965 1478 1970 .
1506 1969 1507 1996 γ

212 2011 281 2074 sive
298 2009 425 2074 aliunde
439 2023 566 2086 nosset,
592 2011 695 2092 sivae
716 2007 896 2094 Cratiuop.
911 2015 970 2072 20.
985 2007 1094 2072 Runk.

925 2159 930 2170 .
1025 2108 1110 2197 otae
1137 2105 1197 2178 νῦν
1219 2131 1273 2177 σοι

261 2211 297 2294 ἐξ
321 2214 460 2299 αἰθρίας
482 2209 756 2300 καταπυγοσύνην
774 2205 859 2299 μυὸς
883 2204 1045 2302 ἇοιράψοι
1074 2207 1296 2300 Ξενοφῶντος.

204 2313 339 2413 1ιὀιιιιιι
361 2332 469 2381 noster
490 2319 718 2404 grammaticus
740 2319 961 2402 quaestionem
982 2317 1138 2378 domatio
1155 2313 1334 2399 Hyperboli
1354 2335 1374 2378 a

213 2413 351 2483 Seleuco
369 2421 566 2502 propositam
583 2432 615 2483 et
630 2419 672 2482 ob
687 2421 873 2482 tenuitatem
896 2415 981 2480 male
998 2418 1150 2500 despexit
1167 2417 1269 2503 (nihil
1287 2418 1373 2481 enim

98 2547 101 2551 ·
213 2521 249 2582 in
266 2517 369 2582 literis
393 2519 466 2584 leva
491 2535 541 2585 est
563 2537 618 2587 aut
638 2520 943 2603 contemnendum),
971 2531 1003 2583 et
1022 2520 1117 2602 peius
1131 2521 1228 2582 otiam
1245 2533 1376 2602 propter
1434 2505 1441 2514 ⁶

119 2667 129 2690 ,
195 2617 440 2701 ¹obscuritatem
455 2623 563 2688 nescio
586 2645 680 2708 quam
703 2621 915 2708 subterfugit:
938 2633 1063 2704 poterat
1080 2620 1374 2687 autemtumDooo

185 2720 191 2734 ⁴
215 2724 311 2788 istam
334 2722 499 2808 aliquanto
519 2725 681 2794 facilius
673 2727 830 2801 invenire,
858 2745 952 2810 quam
972 2744 1032 2788 nos
1045 2723 1192 2788 hodiem
1213 2737 1302 2792 tauta
1319 2721 1376 2786 bo·
1400 2729 1408 2742 ’“
1443 2713 1446 2720 ’

217 2845 332 2890 ιιοιιιιιι
366 2829 492 2893 testium
526 2833 695 2912 paucitate.
746 2827 782 2892 Si
814 2825 923 2903 Doce,
955 2825 1032 2892 lioet
1056 2847 1156 2906 anus,
1189 2828 1376 2916 meretriciis
1410 2863 1413 2868 ·

99 2964 100 2968 =
185 2973 187 2977 -
218 2927 380 2992 amoribus
394 2934 476 2995 forte
499 2931 604 2996 adhue
622 2929 772 3006 vacabat,
799 2931 919 2994 referre
937 2912 1063 2992 adeam
1078 2908 1375 2994 lieetilladPollu-

217 3031 266 3092 ois
293 3027 366 3110 Vll,
393 3037 477 3096 202.
505 3027 731 3118 Ἐρμιπιιος
716 3055 750 3098 ιν
783 3016 998 3119 Ἀρτοπώλισι
1026 3051 1145 3121 φησιν·
1195 3029 1239 3108 ιιι
1264 3025 1375 3115 σαπροι

217 3127 401 3219 πιιοιπόρνιγ
423 3137 480 3249 καὶ
499 3134 674 3254 κάπριιινοι.
708 3130 799 3207 Quae
815 3134 991 3196 tetrametri
1007 3130 1159 3196 trochaici
1175 3133 1278 3198 frusta
1302 3153 1375 3198 esso

218 3233 360 3298 dixeris.
409 3226 454 3312 οις
481 3231 611 3319 σαπρὰν
642 3237 696 3302 και
728 3231 934 3322 παοιπόρνην
966 3237 1022 3303 και
1052 3227 1281 3322 κάπραιναν-
1301 3258 1358 3300 υ·

217 3333 377 3402 Incertius
396 3341 492 3403 etiam
512 3353 580 3413 est,
606 3361 647 3402 an
672 3338 712 3402 ad
733 3337 912 3422 Hyperboli
932 3351 1085 3414 matrem,
1112 3351 1166 3402 ant
1188 3283 1376 3422 omniooad

167 3437 170 3447 '
218 3435 430 3505 Maricantem
459 3445 593 3506 attineat
621 3441 683 3511 hoo
716 3443 929 3529 fragmentum
957 3441 1161 3524 Eupolidis,
1184 3463 1236 3524 ap.
1266 3439 1376 3504 Sobol.

217 3538 293 3604 Pan.
312 3545 394 3604 782.
408 3544 522 3624 (812.)
547 3536 708 3616 Εὔπολις
734 3537 824 3625 παρὰ
850 3541 927 3634 τῇδε
952 3563 994 3606 ov
1017 3567 1055 3632 ιη
1043 3539 1202 3624 &estoldo
1221 3537 1376 3660 κατήγου.

219 3637 372 3724 Recepta
382 3642 502 3725 codicis
517 3639 635 3705 Veneti
650 3643 806 3723 scriptura
821 3637 1010 3724 κατηγάγου
1025 3641 1133 3726 leges:
1160 3664 1251 3726 παρα
1240 3629 1378 3734 τιγδιιιι

99 3777 104 3782 ·
148 3738 151 3747 ’
220 3735 279 3808 σύ
276 3743 330 3834 τῇ
356 3721 474 3826 υοβιιδι
501 3739 642 3828 κατηγάγ
630 3765 708 3826 γ,·ου
757 3740 829 3806 Non
857 3739 986 3820 dubito,
1021 3743 1096 3828 quin
1118 3742 1173 3806 do.
1185 3756 1286 3808 matre
1310 3745 1377 3828 Hy·

161 3893 168 3898 .
219 3842 358 3929 perboli,
380 3844 483 3923 Dono,
501 3843 600 3931 longe
618 3824 733 3910 melius
751 3860 844 3929 atque
858 3843 989 3908 uberius
1008 3846 1168 3928 disputare
1185 3866 1324 3929 possem,
1347 3848 1376 3911 si

221 3946 390 4031 Eupolidis
412 3947 639 4028 Marioantem,
674 3947 828 4012 Pistrioes
843 3930 1036 4031 Hennippi,
1068 3946 1213 4010 Platonis
1241 3949 1376 4036 denique

157 4124 162 4132 .
221 4047 442 4134 Hyperbolum
468 4049 717 4137 diligentissima
744 4065 839 4130 ottra,
874 4049 979 4134 quoad
1006 4052 1076 4113 eius
1106 4047 1178 4112 lieri
1207 4066 1315 4133 potest
1341 4054 1376 4114 iu

222 4153 410 4239 fragmentis
418 4190 432 4232 ,·
459 4165 715 4237 pertraotassem.
765 4151 858 4218 Νιιιιο
880 4165 986 4216 autem
1006 4149 1174 4235 improbae
1190 4154 1285 4220 istius
1307 4173 1375 4218 ιιιιι-

222 4252 374 4322 lieroulao
392 4277 492 4320 eausa
514 4255 632 4323 multas
652 4275 704 4321 res
726 4257 894 4340 variasque
916 4253 1025 4320 moliri
1042 4245 1107 4325 uoti
1126 4265 1176 4320 est
1197 4252 1376 4336 consilium.

223 4354 331 4433 Quare
365 4379 463 4426 uuam
496 4358 716 4426 tantummodo
744 4371 869 4444 partem
893 4355 1041 4424 breviter.
1061 4358 1269 4444 attingamus,
1295 4377 1381 4444 quae
