3038 4976
535 225 593 236 ·····
651 203 768 260 XXIII
827 228 937 245 -,
1055 209 1057 216 ’

119 389 287 476 evagata
318 343 521 485 disputatio
555 387 602 457 et
625 345 766 450 subito
788 401 967 452 conversa
1001 401 1044 452 eo
1083 404 1154 475 quo
1186 381 1300 476 debet

75 561 82 584 ι
118 514 314 608 dirigitur.
368 512 541 582 Alterum
576 508 691 632 cuius
709 532 842 582 caussa
868 513 1036 604 difficilia
1063 527 1100 587 et
1123 527 1297 610 corrupta

118 647 282 740 tractari
316 645 498 748 voluerim
529 641 702 715 effectus
705 653 780 714 est
797 645 919 722 nulus
944 647 1013 720 rei.
1061 645 1165 718 Nihil
1195 649 1294 720 enim
1412 721 1417 729 ,

117 786 319 870 tantopere
354 777 473 851 allicit
510 777 653 848 animos
698 785 809 871 atque
850 779 952 849 acuit
991 779 1133 863 studia,
1184 803 1293 873 quam
1359 809 1367 821 “

117 931 238 1004 quum
280 909 452 1002 ¹contigit·
489 909 695 1000 dispellere
742 911 1006 1010 obscuritatem
1057 871 1148 993 ιιι,
1159 913 1292 984 tollere
1403 923 1406 934 '

97 1043 265 1126 'vitiumt
285 1111 290 1122 ,
314 1040 410 1114 Nam
444 1043 542 1140 quod
555 1019 561 1024 ’
574 1042 748 1120 fructum,
769 1041 884 1114 habet
913 1053 1221 1146 praesentaneum
1255 1056 1293 1118 et
1358 1051 1360 1056 '

117 1175 189 1268 qui
214 1174 331 1252 oculis
358 1175 463 1248 cerni
486 1175 623 1266 possit,
650 1174 811 1246 alacrius
834 1184 871 1245 et
893 1177 1036 1246 maiore
1056 1176 1181 1270 agitur
1206 1199 1290 1280 con·

115 1309 288 1382 tentione
313 1307 467 1383 uirium:
502 1307 666 1400 quodlit
689 1308 729 1378 in
755 1307 824 1386 hoe
849 1329 988 1402 genere
1009 1311 1295 1388 exercitationis,

116 1432 376 1534 apertissime,
420 1459 531 1533 quum
564 1439 701 1510 acriter
730 1449 767 1510 et
800 1450 951 1540 attente
972 1444 1184 1532 quaerendo
1214 1445 1288 1535 pri·

115 1595 221 1652 mum
243 1594 375 1646 caussa
401 1573 639 1644 obscuritatis
664 1573 724 1642 vel
750 1575 859 1644 sedes
885 1573 988 1660 vitii,
1025 1573 1288 1652 deindereete

79 1771 84 1792 ,
116 1706 377 1800 concludenda
403 1673 549 1776 ratione
582 1716 648 1775 aut
681 1705 826 1776 sollerti
861 1706 1031 1777 auantiae
1066 1706 1197 1779 iudicii
1229 1732 1286 1779 re·

114 1851 229 1934 pente
263 1838 466 1931 explicatio
495 1839 557 1908 vel
584 1839 729 1911 medela
758 1839 978 1932 ¹invenitur,
1011 1861 1128 1934 eaque
1158 1862 1332 1934 saepe-3
1428 1814 1436 1835 “

115 1993 272 2044 numero
304 1973 346 2044 in
377 1971 548 2052 tantillae
580 1972 638 2040 rei
677 1972 821 2042 detecto
860 1973 1032 2066 neglectu
1065 1973 1205 2066 posita,
1243 1987 1296 2050 ut.

115 2107 253 2176 mirum
289 2128 332 2178 ae
365 2105 432 2174 uix
454 2097 645 2184 'credibile
680 2104 849 2178 videatur
873 2106 976 2200 ⁴quod
1001 2105 1054 2181 id¹
1069 2106 1188 2177 latere
1222 2101 1295 2200 poa
1343 2101 1391 2194 J

115 2237 242 2313 tuerit.
294 2235 338 2306 Id
370 2258 461 2306 vero
498 2235 654 2307 mirifice
687 2237 853 2308 incendit
869 2255 871 2260 ’
890 2237 1050 2325 animos,
1088 2238 1293 2310 schemam·

115 2371 334 2471 tissimeque
350 2439 353 2448 ,
368 2369 603 2472 exstimulat,
643 2369 865 2478 praesertim
894 2370 1181 2468 exspectatione
1203 2392 1283 2442 sus·

116 2505 272 2599 pensae,
315 2501 350 2580 ei
384 2502 522 2598 sensim
557 2502 952 2596 sensimquepropius
985 2505 1032 2600 ad
1061 2505 1099 2576 id
1134 2505 1175 2573 iu
1208 2525 1345 2604 quos

101 2638 230 2734 'cardo
251 2636 309 2707 rei
328 2645 385 2708 est
406 2636 649 2714 adducuntur.
688 2630 744 2734 Eo
766 2635 932 2716 maxima
953 2644 1011 2706 est
1036 2636 1134 2708 inter
1153 2638 1289 2710 socios.

116 2768 314 2845 aemulatio
355 2782 393 2844 et
428 2791 502 2838 non
528 2766 755 2869 'ambiguum
791 2769 969 2860 gaudium
999 2770 1150 2842 invento
1181 2771 1291 2862 quod,-

116 2903 380 3001 quaerehatur,
430 2898 618 2991 multaque
653 2919 679 2966 a
717 2898 845 2990 multis
881 2883 1055 3003 deinceps
1088 2900 1198 2972 seclis
1233 2922 1296 2995 eo,
1354 2931 1360 2982 2

114 3037 283 3111 modoet
308 3033 499 3125 praeclare
521 3030 709 3122 explicata
731 3042 817 3103 sunt
843 3042 881 3103 et
907 3034 1051 3108 eximie·
1072 3033 1276 3107 emendata.
1312 3079 1315 3089 ,

113 3144 322 3260 Descripsit
356 3141 540 3240 eiusmodi
575 3164 881 3256 disceptationem
921 3167 1199 3260 elegantissime
1238 3167 1276 3238 et

93 3298 352 3376 'festivissime
378 3297 572 3388 Adelphus
598 3293 796 3388 Emperius
826 3299 865 3368 iu
891 3298 1213 3372 observationibus
1235 3301 1287 3374 ia
1328 3323 1330 3327 ·
1418 3297 1421 3304 ’
1474 3299 1476 3306 “

113 3433 284 3524 Lysiam,
310 3427 404 3522 quies
428 3426 662 3518 Brunsvigae
689 3449 786 3497 auno
807 3425 1179 3522 mdcccxxxlu..
1200 3432 1286 3504 edi.

112 3549 187 3642 dit.v
220 3563 435 3656 Aliquando
461 3577 571 3648 vero,
607 3580 722 3660 quum
747 3561 830 3654 quIs
848 3562 1058 3654 ‚impeditus
1084 3563 1158 3636 fuit
1187 3584 1285 3655 quo·
1347 3644 1349 3664 1
1484 3535 1486 3628 Ῐ

113 3700 232 3792 miuus
259 3695 399 3789 aliquid
421 3682 621 3778 scriberet,
646 3713 734 3784 ego,
759 3694 823 3764 ubi
845 3694 885 3794 id
907 3696 999 3768 mihi
1025 3697 1285 3790 significatum:

114 3840 188 3917 est,
210 3830 371 3922 aliquem
397 3828 588 3908 difficilem
615 3825 736 3912 locum
762 3825 909 3916 indico,
940 3829 987 3900 de
1013 3851 1086 3923 quo
1111 3829 1287 3928 cogitent

115 3963 221 4050 socii,
251 3967 437 4055 quumque
463 3963 732 4045 cou'veneruut,
761 3980 898 4052 quaero
924 3962 987 4055 qui
1014 3961 1149 4034 habeat
1175 3961 1273 4055 quud

39 4089 42 4098 “
84 4148 90 4156 -
115 4095 262 4180 afferat,
300 4103 366 4166 aut
399 4093 488 4186 quid
520 4093 683 4174 sentiant
711 4092 757 4160 de
791 4091 860 4164 hoc
892 4093 1005 4164 illota
1031 4095 1130 4166 dicto
1153 4093 1286 4186 expli-2·
1399 4074 1404 4086 Ὺ

116 4227 228 4304 caude
247 4227 522 4308 emendandovc
540 4227 651 4316 vido,
671 4227 928 4322 excipiturque
955 4227 993 4298 id
1019 4249 1063 4297 eo
1091 4199 1274 4331 cupidius,

117 4383 201 4456 quo
215 4358 335 4452 magis
373 4359 607 4454 desperatum
643 4361 799 4464 uidetur.
857 4357 915 4436 Ac
949 4358 1021 4430 dici
1058 4352 1124 4433 vix
1152 4369 1274 4452 potest
