3040 5014
467 230 855 336 μνον-,-

114 439 187 497 erat
206 425 398 514 Thrasyllus
427 416 642 516 agonotheta}
683 443 737 494 aut
766 429 867 494 tribus
896 423 1197 518 llippothoohtidis,
1230 435 1272 498 ari
1323 429 1325 434 ’

14 583 22 590 .
70 552 75 558 ·
114 553 211 618 quarn
226 530 405 616 pertinebat
423 531 587 598 Decelea.
627 529 828 622 Chandlerrrs
850 545 974 620 quoque
992 523 1076 620 turpi
1088 559 1196 610 errore
1213 549 1272 622 pro
1326 608 1330 618 ‚

113 631 222 698 Nioba
244 633 358 698 hahuit
376 635 571 721 imaginem,
601 654 664 720 qua
694 623 854 700 Bacchum
881 640 1114 721 repraesentari
1136 646 1201 702 'non
1223 653 1274 704 est

115 737 202 821 quod
223 735 415 801 dubitemus.
466 735 517 800 Cf.
542 737 663 806 Stuart.
687 736 709 802 l.
730 737 753 803 l.
776 743 878 823 p.·60
894 761 941 824 sq.
976 737 1012 803 C.
1037 737 1076 804 0.
1098 733 1307 828 Miillerin'x'

83 853 90 860 “
116 837 248 922 Encycl.
262 839 394 908 littont.
407 836 468 904 Vl.
482 859 549 904 sv.
557 823 664 905 Attica
679 863 711 925 p.
729 846 814 904 234.
845 839 1022 906 Demornm
1038 845 1132 906 etiam
1149 845 1274 906 nummi
1320 887 1322 890 -

116 961 167 1023 ap.
192 939 328 1005 Eckhel.
351 943 451 1006 doctr.
473 963 560 1005 num.
584 957 606 1006 t.
620 941 662 1007 ll.
680 965 712 1029 p.
729 949 798 1006 222
817 965 864 1028 sq.
883 945 968 1030 iique
983 965 1132 1030 magnam
1150 956 1275 1028 partern

116 1043 256 1127 Suspecti
278 1043 357 1107 nihil
381 1032 500 1114 auxilii
523 1047 669 1109 afferunt.
722 1045 787 1109 Sed
804 1057 954 1131 tanquam
971 1048 1137 1111 domorum
1152 1049 1274 1132 imagi·
1293 1067 1317 1119 Ἰ
1382 1097 1386 1102 -
1508 1069 1509 1086 ’

115 1143 212 1210 nibus
232 1142 357 1211 affinem
380 1144 479 1210 liceat
497 1149 535 1210 in·
548 1147 704 1212 auxilium
726 1169 842 1214 vocare
865 1150 1194 1233 repraesentationem
1218 1149 1277 1213 Se·
1340 1201 1342 1206 .

117 1260 231 1328 natus,
258 1248 298 1312 de
318 1270 385 1336 qua
401 1271 436 1314 re
448 1244 520 1322 ,uro
535 1247 625 1314 Cass.
640 1248 888 1344 hiscLlerr.
906 1255 938 1315 5.
968 1248 1122 1340 Τραϊανῷ
1143 1253 1178 1318 δὲ
1189 1244 1276 1341 ’ὄναρ

116 1345 357 1441 ἐγεγόνενπρὶν
380 1349 587 1440 αὐταρχῆσαι
610 1349 753 1420 τοιόνδε·
779 1349 881 1418 ἐδόκει
907 1351 1014 1441 ἄνδρα
1027 1351 1217 1441 Ιπρεσβύτην
1242 1354 1277 1421 ἓν

117 1455 236 1536 ἱματίῳ
261 1457 323 1538 οιαὶ
354 1453 475 1535 ἐσθῆτι
499 1451 744 1544 περιπορφύρῳ,
785 1457 832 1520 ἔτι
859 1456 895 1520 δὲ
922 1457 978 1520 καὶ
1003 1447 1155 1546 στεφάνῳ
1185 1456 1278 1528 ἐστο·

10 1571 12 1574 ·
116 1555 287 1639 λισμένον,
311 1551 377 1622 ,οἷά
401 1577 466 1622 πον
490 1559 545 1620 καὶ
570 1556 633 1637 τὴν
666 1559 839 1642 γερουσίαν
868 1553 1035 1647 γράφουσι
1060 1560 1126 1625 κτλ.
1178 1553 1277 1654 Haud

117 1659 215 1740 pauci
237 1671 409 1742 supersunt
429 1659 590 1724 var-iarum
613 1655 738 1722 urbium
762 1656 906 1738 nummi,
939 1662 972 1722 in
998 1657 1113 1744 quibus
1144 1668 1276 1724 senatus

118 1771 154 1822 nt
171 1760 218 1824 vir
233 1773 403 1824 coronatus
416 1781 591 1848 expressus
606 1772 655 1825 est
670 1762 786 1825 additis
802 1759 909 1824 verbis
926 1763 1041 1830 IEPA
1067 1759 1279 1828 CYNKAH'-
1308 1769 1316 1783 '

124 1861 226 1938 7¹00,
275 1863 404 1934 ΘΕΟΝ
432 1862 744 1942 ΟΥΝΚΛΗΤΟΝ,
784 1859 997 1928 SENATVS.
1054 1863 1130 1929 vid.
1158 1861 1276 1932 Milliu.

119 1962 187 2048 gal.
210 1964 342 2044 mythol.
364 1965 415 2028 ed.
436 1963 545 2028 Germ.
568 1959 634 2030 tab.
658 1971 742 2030 177.
767 1986 814 2028 nr.
829 1970 914 2030 665.
944 1963 1010 2028 tab.
1029 1970 1112 2030 182.
1126 1986 1174 2028 nr.
1192 1971 1279 2030 666.
1299 1948 1302 1957 .

64 2124 72 2132 .
120 2065 267 2158 (integra
290 2065 394 2152 figura
417 2064 575 2152 virgulam
598 2050 782 2154 oleaginum
805 2081 900 2153 atque
924 2062 1100 2153 scipionem
1126 2068 1279 2152 tenens),

121 2169 206 2232 adde
221 2168 395 2250 Spanhcrn.
411 2169 440 2232 d.
459 2182 576 2252 praest.
600 2183 633 2232 et
652 2191 712 2232 usu
729 2172 877 2232 numism.
895 2171 973 2234 diss.
993 2173 1024 2233 5.
1037 2175 1157 2252 palii
1179 2179 1280 2256 sq.-et
1397 2168 1399 2172 ’
1508 2255 1509 2268 ¹

30 2349 34 2355 Ι
122 2272 176 2354 qni
189 2268 361 2346 laudantur
374 2273 407 2333 in
424 2282 531 2336 annot.
550 2267 592 2334 erl
608 2269 703 2334 Dion.
716 2270 739 2333 l.
754 2269 778 2333 l.
789 2267 817 2332 t.
831 2269 888 2335 vl.
902 2293 935 2355 p.
952 2275 1036 2335 605.
1055 2271 1105 2334 ed.
1120 2269 1241 2335 Stura·
1259 2313 1264 2324 ·

73 2375 75 2380 ’
223 2371 334 2438 Altera
358 2372 472 2436 classis
494 2375 655 2458 imagines
679 2371 777 2438 totiris
800 2369 934 2438 alicuius
957 2387 1051 2459 atque
1077 2375 1158 2436 certi
1169 2369 1299 2458 populi*

72 2539 76 2547 ,
120 2461 350 2558 complectitur.
397 2474 470 2539 llcc
498 2497 622 2561 qnoque
649 2496 747 2540 sensu
779 2475 920 2540 Domum
950 2473 992 2538 ab
1016 2461 1193 2540 artificibus
1219 2497 1279 2540 ex·
1399 2490 1401 2497 ‘

121 2599 267 2660 pressum
291 2591 363 2642 esse
384 2576 525 2642 clamant
545 2577 611 2642 loci
635 2581 688 2663 qui
712 2591 894 2664 sequuntur.
940 2575 1047 2664 'Atque
1068 2579 1102 2641 in
1113 2579 1280 2664 principio

123 2682 230 2744 statim
252 2681 420 2764 ponendus
439 2680 530 2744 locus
551 2701 595 2744 ex
617 2680 744 2744 decreto
767 2681 851 2770 quod
866 2679 985 2765 legitur
999 2684 1036 2761 in
1048 2679 1217 2744 Demosth.
1231 2701 1280 2744 cr.
1335 2715 1337 2724 =

10 2796 16 2808 “
71 2807 76 2814 ·
121 2785 154 2846 d.
172 2801 281 2866 conp.
299 2787 383 2846 256.
397 2785 509 2858 §.aa
529 2779 727 2864 aByzantiis
742 2785 815 2865 post
828 2780 1014 2866 Philippum
1031 2780 1281 2847 Atheniensium

102 2907 184 2968 .ope
206 2883 343 2948 feliciter
364 2885 518 2946 reiectum
537 2883 649 2946 horum
670 2884 704 2946 in
727 2882 883 2946 honorem
905 2881 993 2964 lato,
1019 2885 1054 2946 in
1074 2905 1136 2970 quc
1151 2897 1280 2968 praeter

16 3059 21 3066 ,
63 3055 66 3060 ,
123 2986 191 3051 alia
213 2984 313 3050 multa
337 2989 571 3066 constituitur5
595 2981 716 3054 στᾶσαι
751 2988 806 3052 καὶ
832 2976 960 3064 εἰκόνας
986 2995 1070 3070 τρεῖς
1095 2987 1308 3078 ἑκκαιδεκαῇ,
1349 2981 1357 2991 ’
1395 3056 1400 3061 ,
1508 3033 1509 3036 ,

123 3086 234 3175 πήχεες
273 3091 308 3155 ἐν
344 3090 389 3180 τῷ
423 3087 645 3178 Ὲοσπορίχῳ,
697 3079 960 3178 στεφανούμενον
990 3083 1049 3156 τὸν
1085 3085 1192 3174 δᾶμον
1223 3083 1281 3154 τὸν

10 3231 12 3236 ·
120 3187 312 3275 Ἀθηναίων
347 3190 411 3257 ὑπὸ
446 3194 494 3280 ‚roi
531 3190 636 3276 δάμεν
663 3191 710 3257 roi
742 3189 943 3269 Βυζαντίων
979 3193 1035 3258 καὶ
1075 3193 1280 3279 Περινθίων.

122 3293 301 3369 Quilneus
320 3292 396 3356 olim
423 3293 500 3356 mihi
520 3314 585 3368 non
607 3291 648 3356 ab
671 3296 759 3355 omni
773 3291 969 3356 dubitatione
982 3291 1067 3356 liber
1081 3307 1160 3356 erat.
1214 3290 1283 3354 Ab·
1325 3313 1327 3318 ·

52 3381 57 3388 ”
124 3397 256 3460 surdum
279 3395 364 3456 enim
386 3408 418 3456 et
439 3396 633 3478 nescioquo
653 3393 750 3476 modo
771 3391 904 3456 scurrile
924 3391 1108 3473 videbatur,
1129 3403 1194 3456 tres
1218 3407 1283 3455 sta·

124 3513 196 3564 tuns
213 3509 339 3562 tantae
371 3495 599 3582 magnitudinis
629 3515 768 3578 ponere,
806 3515 941 3578 quarum
974 3516 1045 3557 nna.
1065 3506 1282 3574 coronaretur,

126 3601 227 3668 altera
250 3609 437 3678 coronaret,
469 3599 564 3662 tertia
584 3595 663 3660 nihil
690 3587 763 3659 dum
791 3617 892 3682 agens
914 3607 1112 3685 coronatura¹
1129 3591 1281 3661 adstaret.

126 3701 230 3778 Quam
247 3718 498 3771 ntrernovercru
514 3699 732 3764 difficultatem
747 3701 781 3761 in
796 3719 867 3763 earn
889 3699 996 3790 incidi
1010 3703 1218 3779 sententiam,
1246 3711 1284 3761 ut
1338 3715 1342 3720 ·

10 3857 11 3862 1
125 3820 191 3870 tres
219 3804 329 3890 populi
355 3803 602 3869 Atheniensium,
629 3803 772 3897 coronati
805 3803 967 3885 imagines
990 3795 1124 3865 (liversis
1143 3804 1177 3864 in
1200 3801 1282 3864 lucis

127 3905 266 3997 Bospori
288 3905 480 3990 (obscurum
497 3918 546 3967 est
561 3905 644 3968 eninr
661 3903 790 3987 quidsit
813 3909 847 3968 ἐν
865 3903 1082 3988 Βοσπορίχῳ,
1108 3903 1193 3987 quod
1215 3906 1282 3965 iarn

127 4008 170 4074 Η.
192 4007 335 4074 Wollius
357 4011 390 4071 in
412 4009 447 4074 iv
467 4001 634 4094 Βοσπόρῳ
649 4003 840 4070 ‘ructandum
864 4025 940 4068 esse
958 4007 1139 4088 suspicatus
1158 4017 1223 4082 est,
1250 4014 1285 4067 et
1354 4027 1383 4060 w
1427 4015 1430 4020 ·

105 4193 108 4196 ¹
127 4115 174 4179 ita
188 4112 324 4194 aprima
339 4131 437 4172 manu
453 4111 615 4192 scriptum,
630 4127 811 4193 quanquam
829 4103 869 4168 ab
883 4093 995 4173 eadem
1010 4119 1082 4192 post
1097 4107 1284 4182 correctum,
1329 4138 1334 4143 ·

128 4214 251 4279 invenit
264 4209 462 4274 Reiskins-in
478 4211 548 4274 ccrl.
563 4209 699 4294 August.
717 4207 849 4292 quarto)
869 4208 1043 4274 collocatae
1067 4205 1287 4294 intelligeren-

129 4330 197 4395 tur,
221 4332 351 4401 quarum
367 4313 400 4374 in
416 4309 485 4374 basi
506 4313 713 4396 inscriptione
727 4310 865 4394 quadam
882 4313 1054 4402 indicatum
1070 4321 1173 4389 esset,
1200 4309 1286 4372 hunc

131 4437 205 4483 esse
225 4407 380 4510 populum
401 4411 643 4484 Atheniensium
659 4414 790 4514 honoris
813 4433 926 4478 caussa
942 4435 961 4476 a
975 4412 1102 4498 populis
1118 4411 1287 4510 Byzantio·

188 4530 193 4535 ¹
945 4532 988 4599 ii
1005 4525 1022 4558 ¹
