<?xml version="1.0" encoding="UTF-8"?>
<!DOCTYPE html PUBLIC "-//W3C//DTD XHTML 1.0 Transitional//EN"
    "http://www.w3.org/TR/xhtml1/DTD/xhtml1-transitional.dtd">
<html xmlns="http://www.w3.org/1999/xhtml" xml:lang="en" lang="en">
 <head>
  <title>
</title>
<meta http-equiv="Content-Type" content="text/html;charset=utf-8" />
  <meta name='ocr-system' content='tesseract 3.04.00' />
  <meta name='ocr-capabilities' content='ocr_page ocr_carea ocr_par ocr_line ocrx_word'/>
</head>
<body>
  <div class='ocr_page' id='page_1' title='image "actasocietatisg02funkgoog_0165.png"; bbox 0 0 3056 4986; ppageno 0'>
   <div class='ocr_carea' id='block_1_1' title="bbox 598 169 916 312">
    <p class='ocr_par' dir='ltr' id='par_1_1' title="bbox 598 169 916 312">
     <span class='ocr_line' id='line_1_1' title="bbox 598 169 916 312; baseline 0.003 -7"><span class='ocrx_word' id='word_1_1' title='bbox 598 265 657 282; x_wconf 90' lang='lat'><strong>--</strong></span> <span class='ocrx_word' id='word_1_2' title='bbox 716 221 797 312; x_wconf 79' lang='grc' dir='ltr'><strong>ιιι</strong></span> <span class='ocrx_word' id='word_1_3' title='bbox 832 169 916 292; x_wconf 68' lang='lat' dir='ltr'><strong>s·-</strong></span> 
     </span>
    </p>
   </div>
   <div class='ocr_carea' id='block_1_2' title="bbox 154 411 1372 921">
    <p class='ocr_par' dir='ltr' id='par_1_2' title="bbox 154 411 1372 921">
     <span class='ocr_line' id='line_1_2' title="bbox 154 411 1331 510; baseline 0.019 -33"><span class='ocrx_word' id='word_1_4' title='bbox 154 431 270 500; x_wconf 22' lang='lat' dir='ltr'><strong>..saepe</strong></span> <span class='ocrx_word' id='word_1_5' title='bbox 285 411 455 495; x_wconf 78' lang='lat' dir='ltr'><strong>Canticos,</strong></span> <span class='ocrx_word' id='word_1_6' title='bbox 482 433 517 484; x_wconf 88' lang='grc' dir='ltr'><strong>ιιι</strong></span> <span class='ocrx_word' id='word_1_7' title='bbox 532 419 691 506; x_wconf 82' lang='lat' dir='ltr'><strong>Eupolis,</strong></span> <span class='ocrx_word' id='word_1_8' title='bbox 711 421 942 510; x_wconf 83' lang='lat' dir='ltr'><strong>Hermippum,</strong></span> <span class='ocrx_word' id='word_1_9' title='bbox 968 419 1138 494; x_wconf 80' lang='lat' dir='ltr'><strong>Platonem</strong></span> <span class='ocrx_word' id='word_1_10' title='bbox 1149 427 1278 498; x_wconf 80' lang='lat' dir='ltr'><strong>fabulas</strong></span> <span class='ocrx_word' id='word_1_11' title='bbox 1295 436 1331 498; x_wconf 89' lang='lat' dir='ltr'><strong>in</strong></span> 
     </span>
     <span class='ocr_line' id='line_1_3' title="bbox 169 515 1330 619; baseline 0.016 -37"><span class='ocrx_word' id='word_1_12' title='bbox 169 515 393 602; x_wconf 79' lang='lat' dir='ltr'>Hyperbolum</span> <span class='ocrx_word' id='word_1_13' title='bbox 408 523 594 604; x_wconf 76' lang='lat' dir='ltr'>scripsisse,</span> <span class='ocrx_word' id='word_1_14' title='bbox 623 525 722 590; x_wconf 86' lang='lat' dir='ltr'><strong>etiam</strong></span> <span class='ocrx_word' id='word_1_15' title='bbox 738 524 869 590; x_wconf 81' lang='lat' dir='ltr'><strong>aliunde</strong></span> <span class='ocrx_word' id='word_1_16' title='bbox 886 543 1011 594; x_wconf 82' lang='lat' dir='ltr'><strong>constat</strong></span> <span class='ocrx_word' id='word_1_17' title='bbox 1030 527 1079 619; x_wconf 88' lang='lat' dir='ltr'><strong>(v.</strong></span> <span class='ocrx_word' id='word_1_18' title='bbox 1099 532 1330 617; x_wconf 73' lang='lat' dir='ltr'><strong>spanhemium</strong></span> 
     </span>
     <span class='ocr_line' id='line_1_4' title="bbox 172 621 1372 717; baseline 0.013 -33"><span class='ocrx_word' id='word_1_19' title='bbox 172 621 214 702; x_wconf 80' lang='lat' dir='ltr'><strong>ad</strong></span> <span class='ocrx_word' id='word_1_20' title='bbox 238 641 266 690; x_wconf 84' lang='lat' dir='ltr'><strong>v.</strong></span> <span class='ocrx_word' id='word_1_21' title='bbox 284 626 392 709; x_wconf 65' lang='lat'><strong>558).</strong></span> <span class='ocrx_word' id='word_1_22' title='bbox 439 623 484 688; x_wconf 85' lang='lat' dir='ltr'><strong>Hi</strong></span> <span class='ocrx_word' id='word_1_23' title='bbox 504 627 601 710; x_wconf 81' lang='lat' dir='ltr'><strong>igitur</strong></span> <span class='ocrx_word' id='word_1_24' title='bbox 625 647 754 708; x_wconf 86' lang='lat' dir='ltr'><strong>ornnes,</strong></span> <span class='ocrx_word' id='word_1_25' title='bbox 781 631 810 692; x_wconf 90' lang='lat' dir='ltr'><strong>si</strong></span> <span class='ocrx_word' id='word_1_26' title='bbox 831 629 913 694; x_wconf 83' lang='lat' dir='ltr'><strong>fides</strong></span> <span class='ocrx_word' id='word_1_27' title='bbox 936 621 985 696; x_wconf 61' lang='lat' dir='ltr'><strong>Est</strong></span> <span class='ocrx_word' id='word_1_28' title='bbox 1004 631 1229 717; x_wconf 77' lang='lat' dir='ltr'><strong>Aristophani,</strong></span> <span class='ocrx_word' id='word_1_29' title='bbox 1258 660 1330 704; x_wconf 85' lang='lat' dir='ltr'><strong>cum</strong></span> <span class='ocrx_word' id='word_1_30' title='bbox 1362 709 1372 717; x_wconf 87' lang='lat'><strong>.</strong></span> 
     </span>
     <span class='ocr_line' id='line_1_5' title="bbox 170 720 1332 820; baseline 0.016 -32"><span class='ocrx_word' id='word_1_31' title='bbox 170 720 239 788; x_wconf 88' lang='lat' dir='ltr'><strong>filio</strong></span> <span class='ocrx_word' id='word_1_32' title='bbox 257 725 381 808; x_wconf 86' lang='lat' dir='ltr'><strong>perdito</strong></span> <span class='ocrx_word' id='word_1_33' title='bbox 394 725 701 807; x_wconf 85' lang='lat' dir='ltr'><strong>perditammatrem</strong></span> <span class='ocrx_word' id='word_1_34' title='bbox 721 732 957 798; x_wconf 85' lang='lat' dir='ltr'><strong>coniunxerant</strong></span> <span class='ocrx_word' id='word_1_35' title='bbox 980 731 1116 818; x_wconf 79' lang='grc' dir='ltr'><strong>(τοῦτον</strong></span> <span class='ocrx_word' id='word_1_36' title='bbox 1130 773 1181 786; x_wconf 80' lang='lat'><strong>--</strong></span> <span class='ocrx_word' id='word_1_37' title='bbox 1198 742 1255 804; x_wconf 85' lang='grc' dir='ltr'><strong>καὶ</strong></span> <span class='ocrx_word' id='word_1_38' title='bbox 1271 733 1332 820; x_wconf 69' lang='grc' dir='ltr'><strong>τὴν</strong></span> 
     </span>
     <span class='ocr_line' id='line_1_6' title="bbox 170 823 1331 921; baseline 0.014 -31"><span class='ocrx_word' id='word_1_39' title='bbox 170 823 326 914; x_wconf 77' lang='grc' dir='ltr'><strong>μητέρα).</strong></span> <span class='ocrx_word' id='word_1_40' title='bbox 379 825 540 914; x_wconf 86' lang='lat' dir='ltr'><strong>Principio</strong></span> <span class='ocrx_word' id='word_1_41' title='bbox 564 845 671 898; x_wconf 85' lang='lat' dir='ltr'><strong>autem</strong></span> <span class='ocrx_word' id='word_1_42' title='bbox 691 831 842 917; x_wconf 81' lang='lat' dir='ltr'><strong>Eupolis,</strong></span> <span class='ocrx_word' id='word_1_43' title='bbox 869 846 966 920; x_wconf 86' lang='lat' dir='ltr'><strong>poeta</strong></span> <span class='ocrx_word' id='word_1_44' title='bbox 981 834 1162 921; x_wconf 83' lang='lat' dir='ltr'><strong>Hyperboli</strong></span> <span class='ocrx_word' id='word_1_45' title='bbox 1177 839 1331 906; x_wconf 87' lang='lat' dir='ltr'><strong>inimicis·</strong></span> 
     </span>
    </p>
   </div>
   <div class='ocr_carea' id='block_1_3' title="bbox 133 1085 1381 4480">
    <p class='ocr_par' dir='ltr' id='par_1_3' title="bbox 294 1085 1074 1334">
     <span class='ocr_line' id='line_1_7' title="bbox 380 1085 1074 1162; baseline 0.006 -22"><span class='ocrx_word' id='word_1_46' title='bbox 380 1085 435 1140; x_wconf 81' lang='grc' dir='ltr'><strong>Τοῦ</strong></span> <span class='ocrx_word' id='word_1_47' title='bbox 451 1087 534 1148; x_wconf 76' lang='grc' dir='ltr'><em>δεῖνος</em></span> <span class='ocrx_word' id='word_1_48' title='bbox 550 1087 666 1148; x_wconf 68' lang='lat' dir='ltr'><strong>sinedrae·</strong></span> <span class='ocrx_word' id='word_1_49' title='bbox 683 1086 830 1162; x_wconf 78' lang='grc' dir='ltr'>Ἡράκλεις,</span> <span class='ocrx_word' id='word_1_50' title='bbox 848 1085 925 1144; x_wconf 79' lang='grc' dir='ltr'><strong><em>τοῦτ’</em></strong></span> <span class='ocrx_word' id='word_1_51' title='bbox 940 1094 994 1144; x_wconf 62' lang='grc' dir='ltr'>ἔστι</span> <span class='ocrx_word' id='word_1_52' title='bbox 1015 1109 1074 1160; x_wconf 69' lang='grc' dir='ltr'><strong>σιιἶ</strong></span> 
     </span>
     <span class='ocr_line' id='line_1_8' title="bbox 375 1169 1017 1246; baseline 0.011 -23"><span class='ocrx_word' id='word_1_53' title='bbox 375 1170 407 1224; x_wconf 78' lang='grc' dir='ltr'><strong>τὸ</strong></span> <span class='ocrx_word' id='word_1_54' title='bbox 424 1174 516 1244; x_wconf 78' lang='grc' dir='ltr'><strong>σκῶμμ</strong></span> <span class='ocrx_word' id='word_1_55' title='bbox 518 1169 647 1241; x_wconf 71' lang='lat' dir='ltr'><strong>&#39;dactyle</strong></span> <span class='ocrx_word' id='word_1_56' title='bbox 661 1176 705 1227; x_wconf 77' lang='lat' dir='ltr'><strong>rel</strong></span> <span class='ocrx_word' id='word_1_57' title='bbox 717 1175 870 1246; x_wconf 77' lang='grc' dir='ltr'>μιγαριιιὸι,</span> <span class='ocrx_word' id='word_1_58' title='bbox 888 1179 932 1230; x_wconf 76' lang='grc' dir='ltr'><strong>καὶ</strong></span> <span class='ocrx_word' id='word_1_59' title='bbox 951 1176 1017 1230; x_wconf 79' lang='grc' dir='ltr'><strong>πάνυ</strong></span> 
     </span>
     <span class='ocr_line' id='line_1_9' title="bbox 294 1253 1022 1334; baseline 0.006 -24"><span class='ocrx_word' id='word_1_60' title='bbox 294 1281 297 1288; x_wconf 74' lang='grc'>’</span> <span class='ocrx_word' id='word_1_61' title='bbox 374 1253 476 1328; x_wconf 72' lang='grc' dir='ltr'><strong><em>ψυχρὸν</em></strong></span> <span class='ocrx_word' id='word_1_62' title='bbox 490 1260 553 1326; x_wconf 77' lang='lat' dir='ltr'><strong>yeiri</strong></span> <span class='ocrx_word' id='word_1_63' title='bbox 575 1257 723 1331; x_wconf 46' lang='grc' dir='ltr'><em>σφόδρη,</em></span> <span class='ocrx_word' id='word_1_64' title='bbox 706 1281 740 1332; x_wconf 72' lang='grc' dir='ltr'><strong>(ις</strong></span> <span class='ocrx_word' id='word_1_65' title='bbox 756 1262 832 1334; x_wconf 71' lang='grc' dir='ltr'><em>δρᾷς,</em></span> <span class='ocrx_word' id='word_1_66' title='bbox 851 1261 885 1314; x_wconf 78' lang='grc' dir='ltr'><strong>τὰ</strong></span> <span class='ocrx_word' id='word_1_67' title='bbox 900 1263 1022 1328; x_wconf 70' lang='lat' dir='ltr'><strong>sardia,-</strong></span> 
     </span>
    </p>

    <p class='ocr_par' dir='ltr' id='par_1_4' title="bbox 176 1325 1332 1575">
     <span class='ocr_line' id='line_1_10' title="bbox 176 1325 1332 1416; baseline 0.003 -20"><span class='ocrx_word' id='word_1_68' title='bbox 176 1391 178 1396; x_wconf 85' lang='lat'><strong>.</strong></span> <span class='ocrx_word' id='word_1_69' title='bbox 216 1325 358 1402; x_wconf 76' lang='lat' dir='ltr'><strong>‚„Audin&#39;</strong></span> <span class='ocrx_word' id='word_1_70' title='bbox 378 1347 572 1410; x_wconf 75' lang='lat' dir='ltr'><strong>spectatorem</strong></span> <span class='ocrx_word' id='word_1_71' title='bbox 591 1345 674 1396; x_wconf 90' lang='lat' dir='ltr'><strong>illum</strong></span> <span class='ocrx_word' id='word_1_72' title='bbox 692 1346 846 1400; x_wconf 78' lang='lat' dir='ltr'><strong>dicentem.</strong></span> <span class='ocrx_word' id='word_1_73' title='bbox 866 1349 989 1414; x_wconf 82' lang='lat' dir='ltr'><strong>Hercle,</strong></span> <span class='ocrx_word' id='word_1_74' title='bbox 1009 1345 1087 1398; x_wconf 90' lang='lat' dir='ltr'><strong>istud</strong></span> <span class='ocrx_word' id='word_1_75' title='bbox 1105 1347 1246 1416; x_wconf 86' lang='lat' dir='ltr'><strong>quidem</strong></span> <span class='ocrx_word' id='word_1_76' title='bbox 1236 1364 1332 1400; x_wconf 77' lang='lat' dir='ltr'><strong>unven-</strong></span> 
     </span>
     <span class='ocr_line' id='line_1_11' title="bbox 236 1427 1331 1500; baseline 0.013 -26"><span class='ocrx_word' id='word_1_77' title='bbox 236 1429 298 1476; x_wconf 88' lang='lat' dir='ltr'><strong>tum</strong></span> <span class='ocrx_word' id='word_1_78' title='bbox 324 1432 369 1479; x_wconf 84' lang='grc' dir='ltr'><strong>ιιι</strong></span> <span class='ocrx_word' id='word_1_79' title='bbox 392 1427 529 1486; x_wconf 86' lang='lat' dir='ltr'><strong>lascivum</strong></span> <span class='ocrx_word' id='word_1_80' title='bbox 558 1433 590 1480; x_wconf 92' lang='lat' dir='ltr'><strong>et</strong></span> <span class='ocrx_word' id='word_1_81' title='bbox 613 1431 805 1498; x_wconf 81' lang='lat' dir='ltr'><strong>Megaricum,</strong></span> <span class='ocrx_word' id='word_1_82' title='bbox 836 1438 865 1484; x_wconf 89' lang='lat' dir='ltr'><strong>et</strong></span> <span class='ocrx_word' id='word_1_83' title='bbox 891 1432 995 1500; x_wconf 89' lang='lat' dir='ltr'><strong>oppido</strong></span> <span class='ocrx_word' id='word_1_84' title='bbox 1024 1431 1130 1500; x_wconf 78' lang='lat' dir='ltr'><strong>frigide</strong></span> <span class='ocrx_word' id='word_1_85' title='bbox 1156 1433 1266 1500; x_wconf 83' lang='lat' dir='ltr'><strong>rident,</strong></span> <span class='ocrx_word' id='word_1_86' title='bbox 1298 1441 1331 1488; x_wconf 83' lang='lat' dir='ltr'><strong>ut</strong></span> 
     </span>
     <span class='ocr_line' id='line_1_12' title="bbox 236 1508 843 1575; baseline 0.017 -17"><span class='ocrx_word' id='word_1_87' title='bbox 236 1508 329 1575; x_wconf 81' lang='lat' dir='ltr'><strong>vides,</strong></span> <span class='ocrx_word' id='word_1_88' title='bbox 348 1511 576 1565; x_wconf 80' lang='lat' dir='ltr'><strong>adolescentuli‘</strong></span> <span class='ocrx_word' id='word_1_89' title='bbox 568 1521 587 1549; x_wconf 83' lang='grc'>“</span> <span class='ocrx_word' id='word_1_90' title='bbox 621 1513 722 1568; x_wconf 83' lang='lat' dir='ltr'><strong>Possis</strong></span> <span class='ocrx_word' id='word_1_91' title='bbox 742 1518 843 1568; x_wconf 88' lang='lat' dir='ltr'><strong>etiam.</strong></span> 
     </span>
    </p>

    <p class='ocr_par' dir='ltr' id='par_1_5' title="bbox 204 1597 1351 1846">
     <span class='ocr_line' id='line_1_13' title="bbox 313 1597 1118 1672; baseline 0.006 -24"><span class='ocrx_word' id='word_1_92' title='bbox 313 1607 317 1624; x_wconf 87' lang='lat'><strong>¹</strong></span> <span class='ocrx_word' id='word_1_93' title='bbox 377 1627 412 1637; x_wconf 99' lang='lat'>-</span> <span class='ocrx_word' id='word_1_94' title='bbox 432 1597 463 1650; x_wconf 86' lang='grc' dir='ltr'><strong>τὸ</strong></span> <span class='ocrx_word' id='word_1_95' title='bbox 482 1599 574 1669; x_wconf 80' lang='grc' dir='ltr'><strong><em>σκῶμμ</em></strong></span> <span class='ocrx_word' id='word_1_96' title='bbox 577 1599 707 1670; x_wconf 69' lang='grc' dir='ltr'><strong>’ἀσελγὲς</strong></span> <span class='ocrx_word' id='word_1_97' title='bbox 725 1603 768 1653; x_wconf 77' lang='grc' dir='ltr'><strong>καὶ</strong></span> <span class='ocrx_word' id='word_1_98' title='bbox 784 1599 937 1672; x_wconf 73' lang='grc' dir='ltr'>Μεγαρικὸν</span> <span class='ocrx_word' id='word_1_99' title='bbox 957 1599 1000 1651; x_wconf 71' lang='grc' dir='ltr'><strong>καὶ</strong></span> <span class='ocrx_word' id='word_1_100' title='bbox 1016 1598 1118 1670; x_wconf 77' lang='grc' dir='ltr'><strong><em>σφόδρα</em></strong></span> 
     </span>
     <span class='ocr_line' id='line_1_14' title="bbox 379 1681 1351 1756; baseline 0.004 -23"><span class='ocrx_word' id='word_1_101' title='bbox 379 1681 495 1752; x_wconf 73' lang='grc' dir='ltr'><strong><em>ψυχρόν·</em></strong></span> <span class='ocrx_word' id='word_1_102' title='bbox 515 1683 620 1752; x_wconf 58' lang='lat' dir='ltr'><strong>ysini&#39;d</strong></span> <span class='ocrx_word' id='word_1_103' title='bbox 636 1681 700 1752; x_wconf 77' lang='grc' dir='ltr'><strong>οὖν,</strong></span> <span class='ocrx_word' id='word_1_104' title='bbox 718 1681 844 1756; x_wconf 61' lang='lat' dir='ltr'><strong>dederis,</strong></span> <span class='ocrx_word' id='word_1_105' title='bbox 865 1685 898 1737; x_wconf 79' lang='lat' dir='ltr'><strong>ml</strong></span> <span class='ocrx_word' id='word_1_106' title='bbox 915 1686 1016 1739; x_wconf 73' lang='grc' dir='ltr'>παιδία.</span> <span class='ocrx_word' id='word_1_107' title='bbox 1083 1726 1086 1736; x_wconf 81' lang='grc'><em>,</em></span> <span class='ocrx_word' id='word_1_108' title='bbox 1349 1717 1351 1720; x_wconf 94' lang='grc'>-</span> 
     </span>
     <span class='ocr_line' id='line_1_15' title="bbox 204 1743 1332 1850; baseline 0.01 -33"><span class='ocrx_word' id='word_1_109' title='bbox 204 1776 208 1781; x_wconf 80' lang='grc'>’</span> <span class='ocrx_word' id='word_1_110' title='bbox 236 1761 368 1818; x_wconf 78' lang='lat' dir='ltr'><strong>Ceterum</strong></span> <span class='ocrx_word' id='word_1_111' title='bbox 385 1767 500 1820; x_wconf 88' lang='lat' dir='ltr'><strong>subtilis</strong></span> <span class='ocrx_word' id='word_1_112' title='bbox 518 1775 563 1821; x_wconf 87' lang='lat' dir='ltr'><strong>est</strong></span> <span class='ocrx_word' id='word_1_113' title='bbox 576 1771 742 1850; x_wconf 82' lang='lat' dir='ltr'><strong>praeceptio</strong></span> <span class='ocrx_word' id='word_1_114' title='bbox 755 1769 853 1824; x_wconf 87' lang='lat' dir='ltr'><strong>Photii</strong></span> <span class='ocrx_word' id='word_1_115' title='bbox 864 1770 963 1822; x_wconf 83' lang='lat' dir='ltr'><strong>Lexic.</strong></span> <span class='ocrx_word' id='word_1_116' title='bbox 978 1786 1004 1839; x_wconf 93' lang='lat' dir='ltr'><strong>p</strong></span> <span class='ocrx_word' id='word_1_117' title='bbox 998 1769 1080 1836; x_wconf 52' lang='lat' dir='ltr'><strong>aaa,</strong></span> <span class='ocrx_word' id='word_1_118' title='bbox 1089 1743 1129 1824; x_wconf 89' lang='grc'><strong>18.</strong></span> <span class='ocrx_word' id='word_1_119' title='bbox 1141 1769 1207 1827; x_wconf 72' lang='grc' dir='ltr'><strong>πάνυ</strong></span> <span class='ocrx_word' id='word_1_120' title='bbox 1221 1773 1332 1846; x_wconf 73' lang='grc' dir='ltr'><em>σφόδρα,</em></span> 
     </span>
    </p>

    <p class='ocr_par' dir='ltr' id='par_1_6' title="bbox 180 1844 1331 1922">
     <span class='ocr_line' id='line_1_16' title="bbox 180 1844 1331 1922; baseline 0.011 -23"><span class='ocrx_word' id='word_1_121' title='bbox 180 1851 184 1857; x_wconf 85' lang='grc'><strong>’</strong></span> <span class='ocrx_word' id='word_1_122' title='bbox 239 1865 296 1901; x_wconf 92' lang='lat' dir='ltr'><strong>non</strong></span> <span class='ocrx_word' id='word_1_123' title='bbox 320 1853 424 1922; x_wconf 75' lang='grc' dir='ltr'><strong><em>σφόδρα</em></strong></span> <span class='ocrx_word' id='word_1_124' title='bbox 445 1852 513 1906; x_wconf 79' lang='lat' dir='ltr'><strong>adra</strong></span> <span class='ocrx_word' id='word_1_125' title='bbox 542 1844 692 1908; x_wconf 86' lang='lat' dir='ltr'><strong>dicendum</strong></span> <span class='ocrx_word' id='word_1_126' title='bbox 717 1872 781 1910; x_wconf 88' lang='lat' dir='ltr'><strong>esse</strong></span> <span class='ocrx_word' id='word_1_127' title='bbox 805 1855 966 1920; x_wconf 86' lang='lat' dir='ltr'><strong>monentis,</strong></span> <span class='ocrx_word' id='word_1_128' title='bbox 998 1857 1046 1908; x_wconf 89' lang='lat' dir='ltr'><strong>cui</strong></span> <span class='ocrx_word' id='word_1_129' title='bbox 1071 1856 1169 1910; x_wconf 84' lang='lat' dir='ltr'><strong>favent</strong></span> <span class='ocrx_word' id='word_1_130' title='bbox 1191 1859 1238 1911; x_wconf 86' lang='lat' dir='ltr'><strong>Ar.</strong></span> <span class='ocrx_word' id='word_1_131' title='bbox 1255 1858 1331 1918; x_wconf 86' lang='lat' dir='ltr'><strong>Plut.</strong></span> 
     </span>
    </p>

    <p class='ocr_par' dir='ltr' id='par_1_7' title="bbox 143 1936 1381 2096">
     <span class='ocr_line' id='line_1_17' title="bbox 237 1936 1381 2009; baseline 0.01 -22"><span class='ocrx_word' id='word_1_132' title='bbox 237 1936 280 1987; x_wconf 79' lang='lat'><strong>25.</strong></span> <span class='ocrx_word' id='word_1_133' title='bbox 296 1938 358 1994; x_wconf 74' lang='grc'>145.</span> <span class='ocrx_word' id='word_1_134' title='bbox 376 1937 465 2006; x_wconf 87' lang='lat' dir='ltr'><strong>Vesp.</strong></span> <span class='ocrx_word' id='word_1_135' title='bbox 483 1941 561 1992; x_wconf 81' lang='lat'><strong>1428.</strong></span> <span class='ocrx_word' id='word_1_136' title='bbox 580 1939 656 1994; x_wconf 90' lang='lat' dir='ltr'><strong>Plut.</strong></span> <span class='ocrx_word' id='word_1_137' title='bbox 674 1943 717 1996; x_wconf 71' lang='lat'><strong>57.</strong></span> <span class='ocrx_word' id='word_1_138' title='bbox 734 1944 794 1993; x_wconf 84' lang='lat'><strong>800.</strong></span> <span class='ocrx_word' id='word_1_139' title='bbox 812 1939 1001 2009; x_wconf 88' lang='lat' dir='ltr'><strong>Philemonp.</strong></span> <span class='ocrx_word' id='word_1_140' title='bbox 1016 1943 1076 1994; x_wconf 81' lang='lat'><strong>381</strong></span> <span class='ocrx_word' id='word_1_141' title='bbox 1099 1943 1140 1995; x_wconf 89' lang='grc' dir='ltr'><strong>Μ.</strong></span> <span class='ocrx_word' id='word_1_142' title='bbox 1159 1958 1233 1996; x_wconf 85' lang='lat' dir='ltr'><strong>varr.</strong></span> <span class='ocrx_word' id='word_1_143' title='bbox 1252 1944 1332 1998; x_wconf 82' lang='lat' dir='ltr'><strong>lectt.</strong></span> <span class='ocrx_word' id='word_1_144' title='bbox 1375 2000 1381 2004; x_wconf 80' lang='grc'><em>,</em></span> 
     </span>
     <span class='ocr_line' id='line_1_18' title="bbox 143 2013 1333 2120; baseline 0.012 -52"><span class='ocrx_word' id='word_1_145' title='bbox 143 2013 145 2015; x_wconf 73' lang='grc'><strong>’</strong></span> <span class='ocrx_word' id='word_1_146' title='bbox 236 2017 534 2078; x_wconf 73' lang='lat' dir='ltr'><strong>Acharn.4841alia.</strong></span> <span class='ocrx_word' id='word_1_147' title='bbox 576 2025 672 2078; x_wconf 90' lang='lat' dir='ltr'><strong>Minus</strong></span> <span class='ocrx_word' id='word_1_148' title='bbox 697 2033 791 2091; x_wconf 87' lang='lat' dir='ltr'><strong>recte,</strong></span> <span class='ocrx_word' id='word_1_149' title='bbox 821 2032 853 2078; x_wconf 93' lang='lat' dir='ltr'><strong>ut</strong></span> <span class='ocrx_word' id='word_1_150' title='bbox 877 2027 962 2096; x_wconf 87' lang='lat' dir='ltr'><strong>puto,</strong></span> <span class='ocrx_word' id='word_1_151' title='bbox 987 2027 1118 2082; x_wconf 88' lang='lat' dir='ltr'><strong>Debrens</strong></span> <span class='ocrx_word' id='word_1_152' title='bbox 1144 2027 1180 2080; x_wconf 86' lang='lat' dir='ltr'><strong>ad</strong></span> <span class='ocrx_word' id='word_1_153' title='bbox 1209 2027 1333 2120; x_wconf 81' lang='lat' dir='ltr'><strong>Perenni</strong></span> 
     </span>
    </p>

    <p class='ocr_par' dir='ltr' id='par_1_8' title="bbox 164 2090 681 2178">
     <span class='ocr_line' id='line_1_19' title="bbox 164 2090 681 2178; baseline 0.018 -23"><span class='ocrx_word' id='word_1_154' title='bbox 164 2121 167 2127; x_wconf 86' lang='lat'>·</span> <span class='ocrx_word' id='word_1_155' title='bbox 239 2090 391 2175; x_wconf 83' lang='lat' dir='ltr'><strong>Traetsp</strong></span> <span class='ocrx_word' id='word_1_156' title='bbox 411 2107 477 2162; x_wconf 76' lang='lat'><strong>384.</strong></span> <span class='ocrx_word' id='word_1_157' title='bbox 494 2109 553 2178; x_wconf 83' lang='lat' dir='ltr'><strong>legi</strong></span> <span class='ocrx_word' id='word_1_158' title='bbox 572 2113 681 2164; x_wconf 74' lang='lat' dir='ltr'><strong>voluit·</strong></span> 
     </span>
    </p>

    <p class='ocr_par' dir='ltr' id='par_1_9' title="bbox 240 2194 1333 2436">
     <span class='ocr_line' id='line_1_20' title="bbox 736 2194 954 2270; baseline 0 -23"><span class='ocrx_word' id='word_1_159' title='bbox 736 2197 830 2247; x_wconf 74' lang='grc' dir='ltr'><strong>-καὶ</strong></span> <span class='ocrx_word' id='word_1_160' title='bbox 851 2194 954 2270; x_wconf 70' lang='grc' dir='ltr'><strong><em>σφόδρα</em></strong></span> 
     </span>
     <span class='ocr_line' id='line_1_21' title="bbox 354 2278 1303 2351; baseline 0.003 -22.153"><span class='ocrx_word' id='word_1_161' title='bbox 354 2278 841 2351; x_wconf 69' lang='grc' dir='ltr'>·ψιιχρὸνγι.1ιῦσιι,ι1ιόρᾷς,τα</span> <span class='ocrx_word' id='word_1_162' title='bbox 829 2278 1303 2332; x_wconf 73' lang='grc' dir='ltr'>παιδία..</span> 
     </span>
     <span class='ocr_line' id='line_1_22' title="bbox 240 2357 1333 2436; baseline 0.011 -26"><span class='ocrx_word' id='word_1_163' title='bbox 240 2357 322 2411; x_wconf 88' lang='lat' dir='ltr'><strong>Nunc</strong></span> <span class='ocrx_word' id='word_1_164' title='bbox 340 2361 456 2414; x_wconf 91' lang='lat' dir='ltr'><strong>tandem</strong></span> <span class='ocrx_word' id='word_1_165' title='bbox 476 2365 545 2417; x_wconf 89' lang='lat' dir='ltr'><strong>licet</strong></span> <span class='ocrx_word' id='word_1_166' title='bbox 564 2367 645 2419; x_wconf 88' lang='lat' dir='ltr'><strong>nobis</strong></span> <span class='ocrx_word' id='word_1_167' title='bbox 664 2382 700 2420; x_wconf 87' lang='lat' dir='ltr'><strong>ex</strong></span> <span class='ocrx_word' id='word_1_168' title='bbox 717 2367 782 2418; x_wconf 87' lang='lat' dir='ltr'><strong>istis</strong></span> <span class='ocrx_word' id='word_1_169' title='bbox 800 2370 859 2418; x_wconf 88' lang='lat' dir='ltr'><strong>tarn</strong></span> <span class='ocrx_word' id='word_1_170' title='bbox 874 2361 991 2428; x_wconf 88' lang='lat' dir='ltr'><strong>minutis</strong></span> <span class='ocrx_word' id='word_1_171' title='bbox 1012 2361 1096 2418; x_wconf 86' lang='lat' dir='ltr'><strong>rebus</strong></span> <span class='ocrx_word' id='word_1_172' title='bbox 1109 2362 1251 2436; x_wconf 80' lang='lat' dir='ltr'><strong>¹liquidam</strong></span> <span class='ocrx_word' id='word_1_173' title='bbox 1269 2382 1333 2436; x_wconf 89' lang='lat' dir='ltr'><strong>per·</strong></span> 
     </span>
    </p>

    <p class='ocr_par' dir='ltr' id='par_1_10' title="bbox 164 2445 1332 2676">
     <span class='ocr_line' id='line_1_23' title="bbox 164 2445 1331 2521; baseline 0.008 -25"><span class='ocrx_word' id='word_1_174' title='bbox 164 2515 166 2520; x_wconf 26' lang='lat'>¹</span> <span class='ocrx_word' id='word_1_175' title='bbox 239 2445 336 2512; x_wconf 86' lang='lat' dir='ltr'><strong>cipere</strong></span> <span class='ocrx_word' id='word_1_176' title='bbox 354 2449 531 2518; x_wconf 62' lang='lat' dir='ltr'><strong>voluptatem</strong></span> <span class='ocrx_word' id='word_1_177' title='bbox 552 2457 582 2506; x_wconf 86' lang='lat' dir='ltr'><strong>et</strong></span> <span class='ocrx_word' id='word_1_178' title='bbox 599 2468 654 2521; x_wconf 91' lang='lat' dir='ltr'><strong>quo</strong></span> <span class='ocrx_word' id='word_1_179' title='bbox 673 2451 743 2505; x_wconf 88' lang='lat' dir='ltr'><strong>haec</strong></span> <span class='ocrx_word' id='word_1_180' title='bbox 763 2451 859 2503; x_wconf 84' lang='lat' dir='ltr'><strong>omnia</strong></span> <span class='ocrx_word' id='word_1_181' title='bbox 883 2447 1001 2519; x_wconf 84' lang='lat' dir='ltr'><strong>tendant</strong></span> <span class='ocrx_word' id='word_1_182' title='bbox 1020 2449 1135 2518; x_wconf 87' lang='lat' dir='ltr'><strong>penitus</strong></span> <span class='ocrx_word' id='word_1_183' title='bbox 1158 2452 1331 2521; x_wconf 81' lang='lat' dir='ltr'><strong>intelligere.</strong></span> 
     </span>
     <span class='ocr_line' id='line_1_24' title="bbox 239 2529 1332 2608; baseline 0.012 -29"><span class='ocrx_word' id='word_1_184' title='bbox 239 2529 309 2591; x_wconf 78' lang='lat' dir='ltr'><strong>Quis</strong></span> <span class='ocrx_word' id='word_1_185' title='bbox 332 2534 407 2584; x_wconf 91' lang='lat' dir='ltr'><strong>enim</strong></span> <span class='ocrx_word' id='word_1_186' title='bbox 431 2542 567 2603; x_wconf 90' lang='lat' dir='ltr'><strong>punctum</strong></span> <span class='ocrx_word' id='word_1_187' title='bbox 585 2539 723 2608; x_wconf 88' lang='lat' dir='ltr'><strong>temporis</strong></span> <span class='ocrx_word' id='word_1_188' title='bbox 741 2533 897 2600; x_wconf 82' lang='lat' dir='ltr'><strong>dubitabit,</strong></span> <span class='ocrx_word' id='word_1_189' title='bbox 920 2533 1154 2604; x_wconf 79' lang='lat' dir='ltr'><strong>Aristophanem,</strong></span> <span class='ocrx_word' id='word_1_190' title='bbox 1187 2553 1271 2606; x_wconf 90' lang='lat' dir='ltr'><strong>quum</strong></span> <span class='ocrx_word' id='word_1_191' title='bbox 1292 2539 1332 2592; x_wconf 90' lang='lat' dir='ltr'><strong>di-</strong></span> 
     </span>
     <span class='ocr_line' id='line_1_25' title="bbox 238 2617 762 2676; baseline 0.019 -10"><span class='ocrx_word' id='word_1_192' title='bbox 238 2617 343 2668; x_wconf 88' lang='lat' dir='ltr'><strong>ceret</strong></span> <span class='ocrx_word' id='word_1_193' title='bbox 335 2633 365 2669; x_wconf 90' lang='lat' dir='ltr'><strong>m</strong></span> <span class='ocrx_word' id='word_1_194' title='bbox 384 2620 531 2676; x_wconf 87' lang='lat' dir='ltr'><strong>Nubibus·</strong></span> <span class='ocrx_word' id='word_1_195' title='bbox 588 2645 599 2653; x_wconf 62' lang='grc'><strong><em>’</em></strong></span> <span class='ocrx_word' id='word_1_196' title='bbox 761 2630 762 2636; x_wconf 77' lang='grc'>’</span> 
     </span>
    </p>

    <p class='ocr_par' dir='ltr' id='par_1_11' title="bbox 237 2705 1331 3027">
     <span class='ocr_line' id='line_1_26' title="bbox 455 2705 1016 2777; baseline 0.004 -20"><span class='ocrx_word' id='word_1_197' title='bbox 455 2723 460 2728; x_wconf 71' lang='grc'>’</span> <span class='ocrx_word' id='word_1_198' title='bbox 791 2705 848 2774; x_wconf 78' lang='grc' dir='ltr'>ἥτις</span> <span class='ocrx_word' id='word_1_199' title='bbox 864 2705 952 2777; x_wconf 64' lang='lat' dir='ltr'><strong>upside</strong></span> <span class='ocrx_word' id='word_1_200' title='bbox 969 2709 1016 2776; x_wconf 74' lang='lat' dir='ltr'><strong>pris</strong></span> 
     </span>
     <span class='ocr_line' id='line_1_27' title="bbox 318 2783 1006 2862; baseline 0.015 -28"><span class='ocrx_word' id='word_1_201' title='bbox 318 2829 320 2834; x_wconf 80' lang='grc'>,</span> <span class='ocrx_word' id='word_1_202' title='bbox 376 2785 454 2840; x_wconf 72' lang='lat' dir='ltr'><strong>addis</strong></span> <span class='ocrx_word' id='word_1_203' title='bbox 470 2783 538 2854; x_wconf 73' lang='grc' dir='ltr'><strong>ἦλθε</strong></span> <span class='ocrx_word' id='word_1_204' title='bbox 550 2792 687 2862; x_wconf 62' lang='grc' dir='ltr'><strong>ῥαψαμένη</strong></span> <span class='ocrx_word' id='word_1_205' title='bbox 703 2790 823 2848; x_wconf 69' lang='grc' dir='ltr'>σιύτιιιι,</span> <span class='ocrx_word' id='word_1_206' title='bbox 837 2795 1006 2860; x_wconf 74' lang='grc' dir='ltr'>καθειμένον,</span> 
     </span>
     <span class='ocr_line' id='line_1_28' title="bbox 316 2869 1252 2944; baseline 0.009 -20"><span class='ocrx_word' id='word_1_207' title='bbox 316 2927 319 2932; x_wconf 73' lang='grc'><em>,</em></span> <span class='ocrx_word' id='word_1_208' title='bbox 362 2870 493 2944; x_wconf 43' lang='grc' dir='ltr'><strong>’ἐρυθρὰν</strong></span> <span class='ocrx_word' id='word_1_209' title='bbox 510 2877 537 2934; x_wconf 60' lang='lat' dir='ltr'><strong>is</strong></span> <span class='ocrx_word' id='word_1_210' title='bbox 551 2871 649 2944; x_wconf 71' lang='grc' dir='ltr'>ἄκροι,</span> <span class='ocrx_word' id='word_1_211' title='bbox 673 2873 758 2939; x_wconf 64' lang='grc' dir='ltr'><em>παχὺ,</em></span> <span class='ocrx_word' id='word_1_212' title='bbox 774 2872 851 2932; x_wconf 75' lang='lat' dir='ltr'><strong>abir</strong></span> <span class='ocrx_word' id='word_1_213' title='bbox 872 2875 1024 2931; x_wconf 75' lang='grc' dir='ltr'>παιδίοις</span> <span class='ocrx_word' id='word_1_214' title='bbox 1048 2869 1119 2944; x_wconf 67' lang='grc' dir='ltr'><strong>11ἰῖ</strong></span> <span class='ocrx_word' id='word_1_215' title='bbox 1139 2877 1252 2942; x_wconf 70' lang='lat' dir='ltr'><strong>yrroc,</strong></span> 
     </span>
     <span class='ocr_line' id='line_1_29' title="bbox 237 2954 1331 3027; baseline 0.007 -19"><span class='ocrx_word' id='word_1_216' title='bbox 237 2954 312 3010; x_wconf 83' lang='lat' dir='ltr'><strong>hunc</strong></span> <span class='ocrx_word' id='word_1_217' title='bbox 341 2959 434 3027; x_wconf 90' lang='lat' dir='ltr'><strong>ipsum</strong></span> <span class='ocrx_word' id='word_1_218' title='bbox 464 2957 659 3027; x_wconf 85' lang='lat' dir='ltr'><strong>Eupolidise</strong></span> <span class='ocrx_word' id='word_1_219' title='bbox 682 2957 863 3027; x_wconf 83' lang='lat' dir='ltr'><strong>¹Prospaltiis</strong></span> <span class='ocrx_word' id='word_1_220' title='bbox 888 2959 983 3012; x_wconf 92' lang='lat' dir='ltr'><strong>locum</strong></span> <span class='ocrx_word' id='word_1_221' title='bbox 1007 2961 1036 3010; x_wconf 94' lang='lat' dir='ltr'><strong>in</strong></span> <span class='ocrx_word' id='word_1_222' title='bbox 1065 2961 1158 3011; x_wconf 89' lang='lat' dir='ltr'><strong>animo</strong></span> <span class='ocrx_word' id='word_1_223' title='bbox 1184 2959 1331 3018; x_wconf 80' lang='lat' dir='ltr'><strong>habuisse:</strong></span> 
     </span>
    </p>

    <p class='ocr_par' dir='ltr' id='par_1_12' title="bbox 185 3035 1332 3116">
     <span class='ocr_line' id='line_1_30' title="bbox 185 3035 1332 3116; baseline 0.007 -23"><span class='ocrx_word' id='word_1_224' title='bbox 185 3041 188 3045; x_wconf 76' lang='grc'><strong>’</strong></span> <span class='ocrx_word' id='word_1_225' title='bbox 236 3072 268 3104; x_wconf 47' lang='grc' dir='ltr'><strong>-φ</strong></span> <span class='ocrx_word' id='word_1_226' title='bbox 296 3042 327 3096; x_wconf 77' lang='grc' dir='ltr'><strong>τὸ</strong></span> <span class='ocrx_word' id='word_1_227' title='bbox 355 3043 619 3114; x_wconf 72' lang='grc' dir='ltr'>σκῶμμ’.ἀσι1γ1ς</span> <span class='ocrx_word' id='word_1_228' title='bbox 646 3075 679 3085; x_wconf 88' lang='grc'>-</span> <span class='ocrx_word' id='word_1_229' title='bbox 704 3045 789 3114; x_wconf 75' lang='grc' dir='ltr'><strong>γελᾷ</strong></span> <span class='ocrx_word' id='word_1_230' title='bbox 812 3039 929 3106; x_wconf 69' lang='grc' dir='ltr'><strong>ὄόιῖν,</strong></span> <span class='ocrx_word' id='word_1_231' title='bbox 954 3035 994 3104; x_wconf 78' lang='lat' dir='ltr'><strong>air</strong></span> <span class='ocrx_word' id='word_1_232' title='bbox 1014 3042 1106 3116; x_wconf 77' lang='grc' dir='ltr'><em>ὁρᾷς,</em></span> <span class='ocrx_word' id='word_1_233' title='bbox 1133 3045 1332 3114; x_wconf 66' lang='lat' dir='ltr'><strong>cenatote,</strong></span> 
     </span>
    </p>

    <p class='ocr_par' dir='ltr' id='par_1_13' title="bbox 171 3109 1332 3200">
     <span class='ocr_line' id='line_1_31' title="bbox 171 3109 1332 3200; baseline 0.003 -18"><span class='ocrx_word' id='word_1_234' title='bbox 171 3109 175 3120; x_wconf 20' lang='grc' dir='ltr'><strong>Ἰ</strong></span> <span class='ocrx_word' id='word_1_235' title='bbox 238 3145 324 3200; x_wconf 89' lang='lat' dir='ltr'><strong>quum</strong></span> <span class='ocrx_word' id='word_1_236' title='bbox 349 3131 519 3196; x_wconf 87' lang='lat' dir='ltr'><strong>praesertim</strong></span> <span class='ocrx_word' id='word_1_237' title='bbox 543 3137 572 3182; x_wconf 88' lang='lat' dir='ltr'><strong>et</strong></span> <span class='ocrx_word' id='word_1_238' title='bbox 596 3127 751 3184; x_wconf 83' lang='lat' dir='ltr'><strong>scholiasta</strong></span> <span class='ocrx_word' id='word_1_239' title='bbox 778 3130 813 3181; x_wconf 83' lang='lat' dir='ltr'><strong>ed</strong></span> <span class='ocrx_word' id='word_1_240' title='bbox 840 3130 919 3197; x_wconf 88' lang='lat' dir='ltr'><strong>ipsas</strong></span> <span class='ocrx_word' id='word_1_241' title='bbox 941 3130 1038 3183; x_wconf 84' lang='lat' dir='ltr'><strong>Nubes</strong></span> <span class='ocrx_word' id='word_1_242' title='bbox 1062 3130 1230 3194; x_wconf 82' lang='lat' dir='ltr'><strong>tradiderit,</strong></span> <span class='ocrx_word' id='word_1_243' title='bbox 1262 3131 1332 3187; x_wconf 88' lang='lat' dir='ltr'><strong>haec</strong></span> 
     </span>
    </p>

    <p class='ocr_par' dir='ltr' id='par_1_14' title="bbox 164 3205 1343 3622">
     <span class='ocr_line' id='line_1_32' title="bbox 164 3205 1331 3284; baseline 0.005 -18"><span class='ocrx_word' id='word_1_244' title='bbox 164 3228 168 3239; x_wconf 76' lang='lat'><strong><em>¹</em></strong></span> <span class='ocrx_word' id='word_1_245' title='bbox 238 3205 275 3266; x_wconf 76' lang='lat' dir='ltr'><strong>dd</strong></span> <span class='ocrx_word' id='word_1_246' title='bbox 295 3215 474 3282; x_wconf 84' lang='lat' dir='ltr'><strong>Prospaltios</strong></span> <span class='ocrx_word' id='word_1_247' title='bbox 497 3217 654 3267; x_wconf 80' lang='lat' dir='ltr'><strong>revocanda</strong></span> <span class='ocrx_word' id='word_1_248' title='bbox 677 3231 756 3280; x_wconf 87' lang='lat' dir='ltr'><strong>esse,</strong></span> <span class='ocrx_word' id='word_1_249' title='bbox 783 3221 812 3267; x_wconf 90' lang='lat' dir='ltr'><strong>et</strong></span> <span class='ocrx_word' id='word_1_250' title='bbox 835 3217 893 3266; x_wconf 88' lang='lat' dir='ltr'><strong>alio</strong></span> <span class='ocrx_word' id='word_1_251' title='bbox 917 3231 1009 3284; x_wconf 89' lang='lat' dir='ltr'><strong>eoque</strong></span> <span class='ocrx_word' id='word_1_252' title='bbox 1033 3217 1194 3268; x_wconf 88' lang='lat' dir='ltr'><strong>certissimo</strong></span> <span class='ocrx_word' id='word_1_253' title='bbox 1212 3224 1331 3272; x_wconf 88' lang='lat' dir='ltr'><strong>anctore</strong></span> 
     </span>
     <span class='ocr_line' id='line_1_33' title="bbox 236 3290 1343 3370; baseline 0.002 -17"><span class='ocrx_word' id='word_1_254' title='bbox 236 3290 358 3366; x_wconf 77' lang='lat' dir='ltr'><strong>constet,</strong></span> <span class='ocrx_word' id='word_1_255' title='bbox 377 3299 527 3366; x_wconf 76' lang='lat' dir='ltr'><strong>Eupolidis</strong></span> <span class='ocrx_word' id='word_1_256' title='bbox 542 3301 733 3368; x_wconf 83' lang='lat' dir='ltr'><strong>fragmentum</strong></span> <span class='ocrx_word' id='word_1_257' title='bbox 752 3317 767 3352; x_wconf 90' lang='lat' dir='ltr'><strong>c</strong></span> <span class='ocrx_word' id='word_1_258' title='bbox 784 3298 957 3368; x_wconf 80' lang='lat' dir='ltr'><strong>Prospaltiis</strong></span> <span class='ocrx_word' id='word_1_259' title='bbox 974 3301 1057 3368; x_wconf 85' lang='lat' dir='ltr'><strong>plane</strong></span> <span class='ocrx_word' id='word_1_260' title='bbox 1072 3301 1230 3370; x_wconf 80' lang='lat' dir='ltr'><strong>derivatum</strong></span> <span class='ocrx_word' id='word_1_261' title='bbox 1246 3307 1343 3368; x_wconf 20' lang='lat' dir='ltr'><strong>esseni·</strong></span> 
     </span>
     <span class='ocr_line' id='line_1_34' title="bbox 237 3383 1329 3454; baseline 0.004 -18"><span class='ocrx_word' id='word_1_262' title='bbox 237 3385 384 3452; x_wconf 87' lang='lat' dir='ltr'><strong>Denique,</strong></span> <span class='ocrx_word' id='word_1_263' title='bbox 405 3383 480 3451; x_wconf 90' lang='lat' dir='ltr'><strong>quod</strong></span> <span class='ocrx_word' id='word_1_264' title='bbox 497 3399 637 3435; x_wconf 89' lang='lat' dir='ltr'><strong>summum</strong></span> <span class='ocrx_word' id='word_1_265' title='bbox 658 3391 720 3446; x_wconf 89' lang='lat' dir='ltr'><strong>est,</strong></span> <span class='ocrx_word' id='word_1_266' title='bbox 745 3385 803 3452; x_wconf 74' lang='lat' dir='ltr'><strong>ipsi</strong></span> <span class='ocrx_word' id='word_1_267' title='bbox 820 3385 878 3436; x_wconf 90' lang='lat' dir='ltr'><strong>loci</strong></span> <span class='ocrx_word' id='word_1_268' title='bbox 896 3391 1003 3454; x_wconf 82' lang='lat' dir='ltr'><strong>natura</strong></span> <span class='ocrx_word' id='word_1_269' title='bbox 1020 3387 1061 3434; x_wconf 91' lang='lat' dir='ltr'><strong>sic</strong></span> <span class='ocrx_word' id='word_1_270' title='bbox 1079 3388 1236 3451; x_wconf 84' lang='lat' dir='ltr'><strong>conrparati</strong></span> <span class='ocrx_word' id='word_1_271' title='bbox 1252 3397 1329 3452; x_wconf 87' lang='lat' dir='ltr'><strong>sunt,</strong></span> 
     </span>
     <span class='ocr_line' id='line_1_35' title="bbox 235 3467 1330 3544; baseline 0.002 -22"><span class='ocrx_word' id='word_1_272' title='bbox 235 3475 269 3522; x_wconf 88' lang='lat' dir='ltr'><strong>ut</strong></span> <span class='ocrx_word' id='word_1_273' title='bbox 285 3469 321 3520; x_wconf 87' lang='lat' dir='ltr'><strong>ad</strong></span> <span class='ocrx_word' id='word_1_274' title='bbox 339 3484 370 3520; x_wconf 88' lang='grc' dir='ltr'><strong>ιι</strong></span> <span class='ocrx_word' id='word_1_275' title='bbox 388 3469 510 3526; x_wconf 89' lang='lat' dir='ltr'><strong>invicem</strong></span> <span class='ocrx_word' id='word_1_276' title='bbox 529 3467 634 3520; x_wconf 80' lang='lat' dir='ltr'><strong>referri</strong></span> <span class='ocrx_word' id='word_1_277' title='bbox 659 3469 821 3520; x_wconf 87' lang='lat' dir='ltr'><strong>necessario</strong></span> <span class='ocrx_word' id='word_1_278' title='bbox 842 3469 972 3520; x_wconf 87' lang='lat' dir='ltr'><strong>debeant.</strong></span> <span class='ocrx_word' id='word_1_279' title='bbox 1007 3469 1165 3537; x_wconf 87' lang='lat' dir='ltr'><strong>Utrobique</strong></span> <span class='ocrx_word' id='word_1_280' title='bbox 1192 3471 1267 3522; x_wconf 87' lang='lat' dir='ltr'><strong>enim</strong></span> <span class='ocrx_word' id='word_1_281' title='bbox 1285 3488 1330 3544; x_wconf 82' lang='lat' dir='ltr'><strong>ea-</strong></span> 
     </span>
     <span class='ocr_line' id='line_1_36' title="bbox 236 3545 1331 3622; baseline 0.005 -16"><span class='ocrx_word' id='word_1_282' title='bbox 236 3555 300 3609; x_wconf 86' lang='lat' dir='ltr'><strong>dem</strong></span> <span class='ocrx_word' id='word_1_283' title='bbox 326 3569 372 3606; x_wconf 90' lang='lat' dir='ltr'><strong>res</strong></span> <span class='ocrx_word' id='word_1_284' title='bbox 402 3559 534 3605; x_wconf 83' lang='lat' dir='ltr'><strong>narratur</strong></span> <span class='ocrx_word' id='word_1_285' title='bbox 562 3559 648 3622; x_wconf 88' lang='lat' dir='ltr'><strong>atque</strong></span> <span class='ocrx_word' id='word_1_286' title='bbox 675 3545 771 3617; x_wconf 83' lang='lat' dir='ltr'><strong>risus¹</strong></span> <span class='ocrx_word' id='word_1_287' title='bbox 790 3555 1069 3607; x_wconf 85' lang='lat' dir='ltr'><strong>adolescentulorum</strong></span> <span class='ocrx_word' id='word_1_288' title='bbox 1099 3554 1133 3604; x_wconf 86' lang='lat' dir='ltr'><strong>ad</strong></span> <span class='ocrx_word' id='word_1_289' title='bbox 1159 3555 1331 3615; x_wconf 83' lang='lat' dir='ltr'><strong>obscoenum</strong></span> 
     </span>
    </p>

    <p class='ocr_par' dir='ltr' id='par_1_15' title="bbox 165 3633 1331 3712">
     <span class='ocr_line' id='line_1_37' title="bbox 165 3633 1331 3712; baseline 0.003 -20"><span class='ocrx_word' id='word_1_290' title='bbox 165 3643 168 3650; x_wconf 92' lang='lat'>&#39;</span> <span class='ocrx_word' id='word_1_291' title='bbox 236 3639 362 3710; x_wconf 85' lang='lat' dir='ltr'><strong>phalium</strong></span> <span class='ocrx_word' id='word_1_292' title='bbox 380 3645 493 3710; x_wconf 81' lang='lat' dir='ltr'><strong>spectat</strong></span> <span class='ocrx_word' id='word_1_293' title='bbox 511 3641 540 3690; x_wconf 90' lang='lat' dir='ltr'><strong>in</strong></span> <span class='ocrx_word' id='word_1_294' title='bbox 565 3633 704 3707; x_wconf 75' lang='lat' dir='ltr'><strong>Eupolide</strong></span> <span class='ocrx_word' id='word_1_295' title='bbox 728 3641 837 3707; x_wconf 86' lang='lat' dir='ltr'><strong>paritor</strong></span> <span class='ocrx_word' id='word_1_296' title='bbox 857 3647 943 3709; x_wconf 85' lang='lat' dir='ltr'><strong>atque</strong></span> <span class='ocrx_word' id='word_1_297' title='bbox 962 3642 992 3692; x_wconf 91' lang='lat' dir='ltr'><strong>in</strong></span> <span class='ocrx_word' id='word_1_298' title='bbox 1016 3639 1221 3708; x_wconf 74' lang='lat' dir='ltr'><strong>Aristophane,</strong></span> <span class='ocrx_word' id='word_1_299' title='bbox 1246 3659 1331 3712; x_wconf 89' lang='lat' dir='ltr'><strong>quem</strong></span> 
     </span>
    </p>

    <p class='ocr_par' dir='ltr' id='par_1_16' title="bbox 133 3713 1330 3794">
     <span class='ocr_line' id='line_1_38' title="bbox 133 3713 1330 3794; baseline 0.003 -16"><span class='ocrx_word' id='word_1_300' title='bbox 133 3729 141 3736; x_wconf 77' lang='grc'><strong>’</strong></span> <span class='ocrx_word' id='word_1_301' title='bbox 179 3761 183 3768; x_wconf 88' lang='grc'><strong>-</strong></span> <span class='ocrx_word' id='word_1_302' title='bbox 239 3727 353 3794; x_wconf 87' lang='lat' dir='ltr'><strong>singula</strong></span> <span class='ocrx_word' id='word_1_303' title='bbox 375 3713 466 3794; x_wconf 85' lang='lat' dir='ltr'><strong>paene</strong></span> <span class='ocrx_word' id='word_1_304' title='bbox 493 3725 646 3794; x_wconf 78' lang='lat' dir='ltr'><strong>Eupolidis</strong></span> <span class='ocrx_word' id='word_1_305' title='bbox 672 3727 758 3778; x_wconf 83' lang='lat' dir='ltr'><strong>rerba</strong></span> <span class='ocrx_word' id='word_1_306' title='bbox 782 3729 941 3780; x_wconf 74' lang='lat' dir='ltr'><strong>retinuisse</strong></span> <span class='ocrx_word' id='word_1_307' title='bbox 965 3728 1066 3794; x_wconf 87' lang='lat' dir='ltr'><strong>liquet.</strong></span> <span class='ocrx_word' id='word_1_308' title='bbox 1106 3726 1212 3778; x_wconf 84' lang='lat' dir='ltr'><strong>Merito</strong></span> <span class='ocrx_word' id='word_1_309' title='bbox 1235 3725 1330 3782; x_wconf 89' lang='lat' dir='ltr'><strong>autem</strong></span> 
     </span>
    </p>

    <p class='ocr_par' dir='ltr' id='par_1_17' title="bbox 167 3811 1328 3965">
     <span class='ocr_line' id='line_1_39' title="bbox 167 3811 1328 3880; baseline 0.005 -18"><span class='ocrx_word' id='word_1_310' title='bbox 167 3845 171 3854; x_wconf 78' lang='lat'><em>,</em></span> <span class='ocrx_word' id='word_1_311' title='bbox 237 3811 361 3880; x_wconf 84' lang='lat' dir='ltr'><strong>Eupolin</strong></span> <span class='ocrx_word' id='word_1_312' title='bbox 384 3813 419 3864; x_wconf 88' lang='lat' dir='ltr'><strong>ab</strong></span> <span class='ocrx_word' id='word_1_313' title='bbox 448 3811 638 3880; x_wconf 81' lang='lat' dir='ltr'><strong>Aristophane</strong></span> <span class='ocrx_word' id='word_1_314' title='bbox 663 3813 865 3879; x_wconf 87' lang='lat' dir='ltr'><strong>reprehensum</strong></span> <span class='ocrx_word' id='word_1_315' title='bbox 892 3828 971 3874; x_wconf 88' lang='lat' dir='ltr'><strong>esse,</strong></span> <span class='ocrx_word' id='word_1_316' title='bbox 1010 3813 1214 3880; x_wconf 85' lang='lat' dir='ltr'><strong>inventumque</strong></span> <span class='ocrx_word' id='word_1_317' title='bbox 1238 3815 1328 3878; x_wconf 80' lang='lat' dir='ltr'><strong>istud,</strong></span> 
     </span>
     <span class='ocr_line' id='line_1_40' title="bbox 238 3897 1330 3976; baseline 0.006 -29"><span class='ocrx_word' id='word_1_318' title='bbox 238 3913 310 3966; x_wconf 85' lang='lat' dir='ltr'><strong>quo</strong></span> <span class='ocrx_word' id='word_1_319' title='bbox 316 3897 513 3952; x_wconf 87' lang='lat' dir='ltr'><strong>adolescentes</strong></span> <span class='ocrx_word' id='word_1_320' title='bbox 530 3903 718 3965; x_wconf 85' lang='lat' dir='ltr'><strong>raperentur,</strong></span> <span class='ocrx_word' id='word_1_321' title='bbox 739 3903 768 3946; x_wconf 85' lang='lat' dir='ltr'><strong>et</strong></span> <span class='ocrx_word' id='word_1_322' title='bbox 787 3911 892 3968; x_wconf 77' lang='lat' dir='ltr'><strong>genere</strong></span> <span class='ocrx_word' id='word_1_323' title='bbox 917 3903 979 3949; x_wconf 90' lang='lat' dir='ltr'><strong>toto</strong></span> <span class='ocrx_word' id='word_1_324' title='bbox 987 3897 1194 3976; x_wconf 87' lang='lat' dir='ltr'><strong>turpissimum</strong></span> <span class='ocrx_word' id='word_1_325' title='bbox 1205 3905 1253 3952; x_wconf 88' lang='lat' dir='ltr'><strong>et</strong></span> <span class='ocrx_word' id='word_1_326' title='bbox 1258 3901 1330 3954; x_wconf 84' lang='lat' dir='ltr'><strong>sliu</strong></span> 
     </span>
    </p>

    <p class='ocr_par' dir='ltr' id='par_1_18' title="bbox 170 3981 1330 4222">
     <span class='ocr_line' id='line_1_41' title="bbox 170 3981 1328 4058; baseline 0.008 -27"><span class='ocrx_word' id='word_1_327' title='bbox 170 4049 173 4058; x_wconf 18' lang='grc' dir='ltr'><strong><em>γ</em></strong></span> <span class='ocrx_word' id='word_1_328' title='bbox 238 3984 305 4052; x_wconf 89' lang='lat' dir='ltr'><strong>quin</strong></span> <span class='ocrx_word' id='word_1_329' title='bbox 324 3984 441 4034; x_wconf 85' lang='lat' dir='ltr'><strong>inficeto</strong></span> <span class='ocrx_word' id='word_1_330' title='bbox 461 3999 527 4035; x_wconf 90' lang='lat' dir='ltr'><strong>rure</strong></span> <span class='ocrx_word' id='word_1_331' title='bbox 546 3983 689 4042; x_wconf 81' lang='lat' dir='ltr'><strong>rnfirenas</strong></span> <span class='ocrx_word' id='word_1_332' title='bbox 706 3981 840 4044; x_wconf 82' lang='lat' dir='ltr'><strong>fursee,</strong></span> <span class='ocrx_word' id='word_1_333' title='bbox 833 3996 905 4046; x_wconf 85' lang='lat' dir='ltr'><strong>ram,</strong></span> <span class='ocrx_word' id='word_1_334' title='bbox 923 3984 967 4036; x_wconf 86' lang='lat' dir='ltr'><strong>uti</strong></span> <span class='ocrx_word' id='word_1_335' title='bbox 985 3996 1086 4050; x_wconf 87' lang='lat' dir='ltr'><strong>spero,</strong></span> <span class='ocrx_word' id='word_1_336' title='bbox 1105 3981 1273 4051; x_wconf 87' lang='lat' dir='ltr'><strong>Eupolide</strong></span> <span class='ocrx_word' id='word_1_337' title='bbox 1264 3999 1328 4055; x_wconf 84' lang='lat' dir='ltr'><strong>rpso</strong></span> 
     </span>
     <span class='ocr_line' id='line_1_42' title="bbox 240 4063 1330 4129; baseline 0.006 -13"><span class='ocrx_word' id='word_1_338' title='bbox 240 4066 334 4118; x_wconf 89' lang='lat' dir='ltr'><strong>iudice</strong></span> <span class='ocrx_word' id='word_1_339' title='bbox 355 4068 499 4119; x_wconf 84' lang='lat' dir='ltr'><strong>evicimus</strong></span> <span class='ocrx_word' id='word_1_340' title='bbox 536 4063 592 4119; x_wconf 84' lang='lat' dir='ltr'><strong>Sed</strong></span> <span class='ocrx_word' id='word_1_341' title='bbox 610 4069 656 4119; x_wconf 88' lang='lat' dir='ltr'><strong>cui</strong></span> <span class='ocrx_word' id='word_1_342' title='bbox 675 4067 765 4120; x_wconf 89' lang='lat' dir='ltr'><strong>semel</strong></span> <span class='ocrx_word' id='word_1_343' title='bbox 784 4072 862 4120; x_wconf 70' lang='lat' dir='ltr'><strong>reete</strong></span> <span class='ocrx_word' id='word_1_344' title='bbox 881 4067 1052 4129; x_wconf 86' lang='lat' dir='ltr'><strong>credideris,</strong></span> <span class='ocrx_word' id='word_1_345' title='bbox 1079 4066 1225 4122; x_wconf 87' lang='lat' dir='ltr'><strong>eidemin</strong></span> <span class='ocrx_word' id='word_1_346' title='bbox 1243 4085 1330 4122; x_wconf 84' lang='lat' dir='ltr'><strong>causa</strong></span> 
     </span>
     <span class='ocr_line' id='line_1_43' title="bbox 237 4139 1329 4222; baseline 0.003 -19"><span class='ocrx_word' id='word_1_347' title='bbox 237 4152 331 4203; x_wconf 88' lang='lat' dir='ltr'><strong>minus</strong></span> <span class='ocrx_word' id='word_1_348' title='bbox 350 4151 477 4203; x_wconf 87' lang='lat' dir='ltr'><strong>dilucida</strong></span> <span class='ocrx_word' id='word_1_349' title='bbox 504 4153 587 4206; x_wconf 88' lang='lat' dir='ltr'><strong>fidem</strong></span> <span class='ocrx_word' id='word_1_350' title='bbox 607 4139 711 4205; x_wconf 88' lang='lat' dir='ltr'><strong>hebere</strong></span> <span class='ocrx_word' id='word_1_351' title='bbox 729 4153 908 4206; x_wconf 88' lang='lat' dir='ltr'><strong>constantiae</strong></span> <span class='ocrx_word' id='word_1_352' title='bbox 926 4159 980 4206; x_wconf 88' lang='lat' dir='ltr'><strong>est.</strong></span> <span class='ocrx_word' id='word_1_353' title='bbox 1013 4153 1106 4215; x_wconf 75' lang='lat' dir='ltr'><strong>Quum</strong></span> <span class='ocrx_word' id='word_1_354' title='bbox 1128 4153 1218 4221; x_wconf 85' lang='lat' dir='ltr'><strong>igitur</strong></span> <span class='ocrx_word' id='word_1_355' title='bbox 1236 4162 1329 4222; x_wconf 78' lang='lat' dir='ltr'><strong>grant-</strong></span> 
     </span>
    </p>

    <p class='ocr_par' dir='ltr' id='par_1_19' title="bbox 182 4236 1329 4312">
     <span class='ocr_line' id='line_1_44' title="bbox 182 4236 1329 4312; baseline 0.003 -24"><span class='ocrx_word' id='word_1_356' title='bbox 182 4252 185 4260; x_wconf 84' lang='lat'><em>·</em></span> <span class='ocrx_word' id='word_1_357' title='bbox 237 4236 335 4288; x_wconf 88' lang='lat' dir='ltr'><strong>matiei</strong></span> <span class='ocrx_word' id='word_1_358' title='bbox 349 4243 461 4289; x_wconf 75' lang='lat' dir='ltr'><strong>veteres</strong></span> <span class='ocrx_word' id='word_1_359' title='bbox 478 4251 520 4289; x_wconf 78' lang='lat' dir='ltr'><strong>rr.</strong></span> <span class='ocrx_word' id='word_1_360' title='bbox 540 4238 705 4292; x_wconf 75' lang='lat' dir='ltr'><strong>naa-536.</strong></span> <span class='ocrx_word' id='word_1_361' title='bbox 725 4237 759 4289; x_wconf 87' lang='lat' dir='ltr'><strong>de</strong></span> <span class='ocrx_word' id='word_1_362' title='bbox 778 4237 918 4306; x_wconf 88' lang='lat' dir='ltr'><strong>Eupolide</strong></span> <span class='ocrx_word' id='word_1_363' title='bbox 937 4238 1008 4293; x_wconf 83' lang='lat' dir='ltr'><strong>nibil</strong></span> <span class='ocrx_word' id='word_1_364' title='bbox 1024 4239 1138 4292; x_wconf 86' lang='lat' dir='ltr'><strong>mentiti</strong></span> <span class='ocrx_word' id='word_1_365' title='bbox 1155 4239 1228 4300; x_wconf 88' lang='lat' dir='ltr'><strong>sint,</strong></span> <span class='ocrx_word' id='word_1_366' title='bbox 1251 4247 1329 4312; x_wconf 80' lang='lat' dir='ltr'><strong>certe</strong></span> 
     </span>
    </p>

    <p class='ocr_par' dir='ltr' id='par_1_20' title="bbox 171 4315 1329 4400">
     <span class='ocr_line' id='line_1_45' title="bbox 171 4315 1329 4400; baseline 0.009 -26"><span class='ocrx_word' id='word_1_367' title='bbox 171 4335 174 4344; x_wconf 91' lang='grc'><strong><em>·</em></strong></span> <span class='ocrx_word' id='word_1_368' title='bbox 240 4322 387 4390; x_wconf 87' lang='lat' dir='ltr'><strong>sequitur,</strong></span> <span class='ocrx_word' id='word_1_369' title='bbox 412 4337 463 4378; x_wconf 85' lang='lat' dir='ltr'><strong>eos</strong></span> <span class='ocrx_word' id='word_1_370' title='bbox 488 4339 533 4376; x_wconf 80' lang='lat' dir='ltr'><strong>vv.</strong></span> <span class='ocrx_word' id='word_1_371' title='bbox 552 4323 639 4378; x_wconf 76' lang='grc'>531-</span> <span class='ocrx_word' id='word_1_372' title='bbox 651 4321 726 4376; x_wconf 76' lang='lat'><strong>539.</strong></span> <span class='ocrx_word' id='word_1_373' title='bbox 740 4323 776 4376; x_wconf 91' lang='lat' dir='ltr'><strong>de</strong></span> <span class='ocrx_word' id='word_1_374' title='bbox 799 4324 958 4395; x_wconf 79' lang='lat' dir='ltr'><strong>Hermippo</strong></span> <span class='ocrx_word' id='word_1_375' title='bbox 970 4378 972 4382; x_wconf 78' lang='grc'><em>,</em></span> <span class='ocrx_word' id='word_1_376' title='bbox 984 4325 1072 4379; x_wconf 83' lang='lat' dir='ltr'><strong>etiarn</strong></span> <span class='ocrx_word' id='word_1_377' title='bbox 1086 4329 1128 4382; x_wconf 60' lang='lat' dir='ltr'><strong>„et</strong></span> <span class='ocrx_word' id='word_1_378' title='bbox 1151 4315 1329 4400; x_wconf 73' lang='lat' dir='ltr'><strong>Simermobe</strong></span> 
     </span>
    </p>

    <p class='ocr_par' dir='ltr' id='par_1_21' title="bbox 165 4393 884 4480">
     <span class='ocr_line' id='line_1_46' title="bbox 165 4393 884 4480; baseline -0.004 -15"><span class='ocrx_word' id='word_1_379' title='bbox 165 4393 167 4400; x_wconf 46' lang='lat'><strong>¹</strong></span> <span class='ocrx_word' id='word_1_380' title='bbox 239 4421 323 4466; x_wconf 76' lang='lat' dir='ltr'><strong>seras</strong></span> <span class='ocrx_word' id='word_1_381' title='bbox 340 4421 391 4478; x_wconf 73' lang='lat' dir='ltr'><strong>res</strong></span> <span class='ocrx_word' id='word_1_382' title='bbox 407 4407 578 4477; x_wconf 80' lang='lat' dir='ltr'><strong>minimeque</strong></span> <span class='ocrx_word' id='word_1_383' title='bbox 595 4409 696 4480; x_wconf 79' lang='lat' dir='ltr'><strong>dubins</strong></span> <span class='ocrx_word' id='word_1_384' title='bbox 713 4408 884 4478; x_wconf 85' lang='lat' dir='ltr'><strong>prodidisse.</strong></span> 
     </span>
    </p>
   </div>
   <div class='ocr_carea' id='block_1_4' title="bbox 969 4501 1021 4569">
    <p class='ocr_par' dir='ltr' id='par_1_22' title="bbox 969 4501 1021 4569">
     <span class='ocr_line' id='line_1_47' title="bbox 969 4501 1021 4569; baseline 0 -27"><span class='ocrx_word' id='word_1_385' title='bbox 969 4501 1021 4569; x_wconf 63' lang='grc' dir='ltr'><strong>9η</strong></span> 
     </span>
    </p>
   </div>
   <div class='ocr_carea' id='block_1_5' title="bbox 0 0 1532 4986">
    <p class='ocr_par' dir='ltr' id='par_1_23' title="bbox 0 0 1532 4986">
     <span class='ocr_line' id='line_1_48' title="bbox 0 0 1532 4986; baseline 0 0"><span class='ocrx_word' id='word_1_386' title='bbox 0 0 1532 4986; x_wconf 95' lang='lat' dir='ltr'><strong> </strong></span> 
     </span>
    </p>
   </div>
  </div>
 </body>
</html>
