3038 4976
545 201 548 215 '
670 255 728 274 --
785 231 899 291 ιιιίιι
951 185 1042 268 ’-’

136 467 143 472 -
261 421 347 506 alii,
370 418 435 512 qui
455 417 494 488 in
521 415 601 486 eius
628 414 749 484 locum
774 407 900 485 editici
924 416 1112 501 cuperent.
1159 407 1305 485 Honori
1327 407 1437 506 enipi

262 553 337 624 eibi
357 551 541 624 ducebant
566 546 732 634 admitti,
759 543 992 637 pudebatque
1018 561 1094 614 non
1120 541 1272 638 dignum
1294 540 1440 612 adnuis·

266 685 370 756 sione
402 680 580 765 iudicari,
614 697 747 770 meque
780 695 855 748 non
886 675 1010 748 lenem
1036 695 1138 761 eoae,
1174 675 1214 746 in
1238 673 1439 767 probando

205 826 388 916 wantem
423 816 485 887 vel
517 833 591 884 non
620 808 811 903 probando
838 807 943 880 nulla
980 807 1181 900 cupiditate
1215 807 1320 892 duci,
1362 808 1439 878 sed

263 952 367 1022 iilam
395 967 546 1040 operam
575 913 648 1015 soii
677 937 832 1014 utilitati
863 961 955 1014 suae
979 941 1082 1014 nulio
1108 961 1190 1012 meo
1216 917 1300 1014 cnm
1325 940 1438 1010 lucro

126 1176 133 1186 ι
264 1082 433 1172 recipcre
456 1053 666 1164 ‘videreta
705 1074 770 1167 qui
804 1095 878 1176 non
910 1073 1020 1146 modo
1055 1075 1172 1166 gratis
1205 1073 1329 1146 studia
1361 1093 1439 1145 sua

266 1233 456 1308 regerem,
488 1211 557 1282 eed
582 1209 695 1280 edam
719 1207 908 1300 impensae
930 1206 1064 1300 quibus
1089 1225 1182 1297 opus
1208 1215 1308 1278 essct
1332 1205 1437 1276 fuce-

264 1367 345 1418 rem
378 1344 425 1416 de
443 1361 549 1416 ¹aueo.
599 1342 659 1414 lta
696 1351 734 1412 et
758 1339 922 1415 ,duravit
954 1340 1021 1411 itia
1051 1338 1210 1412 societas
1243 1351 1281 1412 ct
1312 1340 1437 1422 creuit
1468 1381 1474 1394 ·

206 1487 211 1498 '
267 1478 543 1551 existimatione
565 1498 609 1548 ac
634 1475 754 1560 fama,
782 1474 836 1546 ita
860 1485 923 1561 ut,
959 1493 1071 1567 quum
1093 1472 1192 1544 aliae
1215 1471 1257 1544 in
1282 1471 1434 1568 uuiver-

266 1613 377 1688 sitate
394 1619 522 1682 nostra
547 1609 755 1680 societates·
771 1606 884 1680 certis
909 1605 1130 1678 nominibus.
1142 1605 1433 1700 appellarentur,

266 1762 424 1838 rogarer
453 1753 496 1814 ut
529 1741 568 1812 ei
596 1735 766 1812 Graecae
797 1737 998 1812 Societatia
1025 1757 1160 1810 nomen
1190 1723 1432 1832 imponerem}

266 1875 470 1970 Impetravi
496 1873 626 1945 auteur
645 1894 743 1943 auno
757 1866 1020 1944 mcccxv.
1046 1874 1093 1942 ab
1121 1893 1210 1965 rega
1234 1871 1432 1942 Friderico

115 2101 117 2112 Ι
162 2007 165 2010 ’
266 2010 457 2103 Augusto,
482 2015 590 2078 ntea
611 2005 772 2084 societas
797 2025 872 2076 non
897 2005 1017 2074 oolam
1038 2004 1186 2096 publica
1210 2005 1432 2076 anctoritate

268 2147 552 2236 agnosceretur,
584 2140 653 2212 aad
687 2138 815 2212 etiam·
833 2136 1035 2210 donaretur
1065 2135 1186 2210 tribue
1215 2138 1333 2231 regiis
1364 2138 1433 2208 oti·

267 2275 433 2370 pendite,
471 2272 608 2365 quibus
637 2272 853 2346 fruerentur
878 2271 943 2365 qui
972 2292 1116 2365 quoque
1142 2271 1433 2364 tomporetntou

183 2420 186 2425 '
269 2410 390 2480 socios
428 2405 557 2474 ordine
589 2403 701 2503 primi
739 2412 894 2474 esseut·
931 2399 1043 2474 Ratio
1077 2423 1177 2474 vero.
1197 2403 1432 2476 exercitatio-

269 2557 357 2614 num
397 2544 609 2610 constanter
648 2555 694 2610 ea
735 2543 883 2608 servata
917 2543 1096 2628 cstsqnae
1109 2537 1178 2608 ,ab
1209 2537 1315 2620 initio
1346 2512 1432 2625 fait,

270 2647 368 2765 qnod
394 2666 487 2757 xvioa‘
515 2677 573 2740 eet
601 2666 739 2763 optima
772 2673 1020 2760 careatque]
1032 2666 1264 2740 utilissima⁸⁴
1303 2655 1433 2742 Semel

196 2840 198 2848 v
244 2820 492 2898 unaquaque
524 2800 730 2894 septimana
761 2799 855 2872 hura
887 2809 972 2894 poet
992 2801 1185 2908 meridiam
1214 2808 1323 2874 sexta
1347 2799 1434 2874 con·

248 2925 424 3008 *ueniant
455 2935 567 3020 socii,
609 2955 681 3025 quo
719 2943 886 3025 tempore
922 2956 996 3004 non
1029 2934 1131 3004 alian
1164 2934 1206 3004 iu
1243 2935 1433 3006 academia

269 3067 450 3142 lectiones
482 3067 682 3152 habentur,
723 3066 859 3159 quibus
894 3067 936 3136 in
968 3065 1079 3137 unius
1107 3065 1222 3140 horae
1250 3069 1432 3142 terminos

246 3190 460 3276 ,sermones
486 3199 607 3270 nostri
632 3207 882 3308 coarctentur,
915 3199 1180 3294 omittendique
1207 3201 1283 3272 aiut
1308 3201 1431 3295 dispu-

139 3316 142 3328 ’
202 3365 206 3376 ’
270 3333 410 3407 tatione
442 3353 517 3404 non
546 3333 593 3402 ad
622 3330 733 3404 finem
765 3331 955 3426 perducta.
1003 3331 1101 3406 Mihi
1133 3335 1275 3430 aliquot
1302 3337 1431 3408 diebus

172 3445 178 3454 ”
254 3455 358 3540 'ante
393 3467 549 3538 affertur
587 3440 742 3535 libelluo
770 3461 825 3535 ali
854 3488 929 3536 uuo
970 3467 1154 3538 sociorum
1190 3469 1430 3561 conscriptus,

270 3608 464 3692 postquam
512 3618 596 3666 eum
640 3596 809 3667 libellam
847 3596 963 3683 alius,
995 3597 1085 3690 *qui
1119 3597 1200 3670 eiua
1236 3605 1428 3674 censuram

253 3731 450 3824 'suscepit
476 3730 569 3823 legit
593 3751 638 3799 ac
661 3727 909 3822 pertractavit.
946 3726 1044 3798 Tum
1073 3751 1162 3824 ego,
1187 3735 1319 3826 positia
1339 3737 1428 3835 aliie

268 3865 440 3935 omnihus
457 3863 639 3956 negotiis,
664 3864 712 3933 ad
736 3861 831 3932 iilud
850 3881 909 3930 me
936 3861 1112 3954 scripturn
1139 3865 1315 3952 contero,
1333 3869 1428 3960 quod

205 4084 212 4098 Ι
269 3993 341 4090 quo
366 3996 428 4065 vel
457 3996 677 4088 paginarum
703 4015 858 4065 numero
880 3993 1001 4064 maius
1026 3995 1088 4066 vel
1114 3999 1294 4072 materiae
1325 4003 1427 4093 copia

267 4129 420 4201 uberius
446 4128 507 4198 vel
531 4129 658 4200 recum
684 4125 903 4200 difficultate
920 4126 1146 4218 implicatius
1172 4136 1249 4218 aet,
1272 4155 1318 4206 eo
1345 4136 1428 4226 plus

267 4283 326 4332 me
358 4263 403 4333 ct'
423 4245 666 4354 comportare
696 4283 832 4354 operae
849 4258 898 4330 ei
921 4252 1089 4332 tribuere
1113 4261 1277 4355 oportet,
1297 4269 1357 4336 ut
1381 4267 1426 4338 do

138 4483 143 4498 ‚
266 4394 425 4504 cingulis
458 4405 599 4470 certum
629 4405 667 4468 ct
697 4405 840 4474 rectum
867 4385 1269 4473 conterminarum.
1324 4393 1424 4478 Quid
