3038 4976
665 279 724 292 -
783 253 881 313 xxrr
939 274 997 292 --·
1067 299 1098 344 Ι,

253 417 373 522 magis
406 429 527 524 possit
558 440 659 505 reete
693 431 894 526 procedere
926 449 1035 524 quant
1069 429 1134 524 qui
1173 429 1293 506 aitero
1322 433 1445 524 pede

164 599 169 605 ·
256 561 469 638 claudicans
512 565 670 638 alterum
704 586 849 660 quoqne
889 585 1002 658 aegre
1037 571 1237 657 promovet.
1295 559 1442 638 Huius

255 663 393 766 autem
411 698 712 787 exercitationis,
756 719 851 792 qaae
886 697 928 768 in
965 697 1167 770 tractandis
1202 695 1442 770 difficilibus

256 836 295 898 et
328 795 512 922 corruptis
551 832 673 924 posita
714 842 792 919 est,
809 927 811 934 y
831 829 971 922 duplex
1003 831 1123 902 virtus
1154 841 1231 914 est,
1268 851 1345 902 una
1391 833 1440 902 in

231 926 383 1048 modo,
410 981 483 1054 quo
509 972 568 1035 est
592 985 638 1034 ea
662 985 725 1036 res
750 964 942 1051 facienda,
965 964 1083 1034 altera
1108 959 1150 1034 in
1174 963 1326 1035 effecta
1369 965 1440 1036 Aa

254 1091 405 1162 modum
434 1097 634 1168 tenendum
659 1097 755 1169 duxi
780 1105 883 1182 eum,
919 1105 977 1184 ut,
1014 1097 1111 1190 quod
1137 1095 1322 1190 quis‘sibi
1346 1105 1438 1168 tra·

209 1187 215 1208 x
256 1223 431 1343 utendum
466 1230 704 1334 sumpsisset,
748 1231 955 1322 explicaret
993 1229 1209 1323 perspicue,
1243 1229 1437 1301 oratione

111 1427 121 1440 ,
254 1374 331 1424 non
366 1357 502 1434 vitiosa
533 1374 653 1457 neque
678 1364 875 1457 incompta.
926 1360 1169 1455 Perspicuum
1202 1371 1261 1432 est
1296 1369 1435 1434 autem

257 1489 356 1580 qaod
388 1503 491 1564 recte
523 1498 723 1590 cogitatum
759 1505 827 1567 est.
883 1493 1000 1568 Recte
1042 1493 1205 1587 cogiure
1238 1515 1328 1566 vero
1364 1507 1436 1570 est

256 1642 327 1691 neo
374 1627 590 1698 necessaria
641 1628 811 1698 omittere
858 1610 987 1722 neque¹
1029 1629 1152 1699 aliena
1195 1625 1435 1719 admiscere,

257 1755 382 1824 omnia
398 1767 533 1852 ¹autem
566 1760 664 1830 iusto
699 1759 830 1830 ordine
855 1729 1081 1853 coniungere
1106 1769 1219 1852 atque
1244 1761 1297 1832 ita
1322 1763 1434 1836 iuter

208 1933 212 1940 -
258 1905 300 1956 se
326 1897 492 1979 nectere,
526 1900 569 1963 ut
593 1892 816 1964 cohaereant
845 1893 956 1986 idque
982 1892 1079 1987 quod
1105 1893 1338 1997 efficiendum
1364 1909 1434 1970 est

257 2018 423 2094 efficiant
455 2046 524 2096 nec
556 2045 723 2118 pugnare
756 2021 855 2097 inte'r
887 2046 928 2096 se
946 2027 1205 2132 reperiantur.
1257 2025 1315 2104 Eo
1346 2053 1432 2104 non
1483 2035 1486 2040 ’

257 2152 383 2224 solam
411 2156 559 2228 acuitur
590 2156 790 2246 iudicium,
823 2159 891 2230 sed
920 2159 1087 2238 nascitur
1112 2139 1223 2230 etiam
1251 2162 1355 2236 clara
1377 2185 1431 2236 ac

119 2271 153 2356 J
238 2269 363 2358 'certa
387 2287 667 2384 intelligentia,
690 2313 785 2386 quac
811 2292 852 2364 in
875 2291 1026 2386 seipsa
1056 2289 1169 2365 habet
1192 2292 1335 2376 fontem
1358 2269 1430 2368 'vo-

215 2470 223 2479 .
256 2415 411 2510 luptatis
431 2424 680 2514 purissimae.
738 2423 833 2494 Nam
866 2443 978 2514 quum
1015 2423 1138 2502 omnis
1172 2426 1355 2518 voluptas
1376 2453 1430 2503 eo

259 2535 511 2641 contineatur,
548 2563 591 2626 ut
623 2565 781 2626 naturae
806 2554 949 2646 aliquid
983 2554 1180 2626 convenire
1206 2560 1428 2650 sentiamus,

258 2682 395 2754 mentis
420 2693 554 2757 nutura
576 2697 700 2758 autem
721 2687 762 2756 in
789 2684 984 2778 cogitando
1010 2685 1060 2756 sit
1085 2686 1225 2776 posita,
1257 2699 1334 2761 tum
1361 2697 1430 2768 de-

259 2833 361 2886 mum
400 2817 631 2890 satisfactam
678 2841 762 2892 esse
809 2828 965 2890 naturae
1010 2840 1101 2890 suae
1146 2821 1260 2890 sentit
1300 2844 1430 2918 ruens,

259 2969 372 3040 quum
405 2949 507 3022 nihii
533 2953 703 3024 relictum
738 2963 795 3024 est
825 2953 924 3046 quod
950 2951 1211 3047 cogitationem
1236 2954 1428 3046 impediat.

150 3076 155 3090 '
224 3179 225 3183 Ἴ
260 3069 379 3172 Atqui
405 3081 474 3154 hoc
507 3095 566 3156 est
599 3085 699 3179 quod
730 3107 860 3156 verum
886 3105 1078 3156 vocamus:
1114 3086 1214 3156 uude
1241 3088 1322 3158 ucri
1343 3112 1428 3182 per·

127 3232 133 3247 =
199 3239 200 3250 ι
261 3212 456 3302 spicientia
484 3218 604 3288 omnis
636 3215 946 3308 cumvoluptatis
972 3237 1099 3288 sensa*
1119 3227 1176 3288 est
1206 3223 1427 3298 consociata.

133 3412 142 3430 ,
259 3323 415 3418 Falsum
448 3349 546 3421 enim
578 3373 725 3444 semper
759 3348 902 3446 aliquid
937 3349 1101 3422 continet
1135 3353 1231 3443 quod
1269 3355 1428 3449 cogitari

260 3493 440 3572 nequeat,
469 3504 541 3574 quo
568 3486 649 3576 ipso
674 3485 715 3555 fit
738 3494 781 3555 at
804 3485 855 3554 sit
879 3483 1028 3556 salsum.
1056 3452 1178 3554 ¹ilinc
1203 3485 1305 3556 illud
1323 3508 1427 3579 prae·

145 3578 150 3588 ’
189 3619 207 3722 Ἰ
261 3611 369 3702 cipue
403 3617 606 3686 curandum
638 3616 918 3708 augendumque
950 3614 1078 3706 putavi
1118 3604 1159 3686 ut
1195 3627 1296 3687 recte
1329 3623 1426 3715 cogi·

125 3805 132 3814 .
262 3735 424 3832 tacetur,
464 3749 561 3839 quod
593 3748 633 3817 id
661 3747 781 3817 omnis
806 3745 1000 3819 scientiae
1041 3721 1320 3844 fundamentum
1359 3766 1425 3826 est.

266 3873 376 3952 Quod
403 3869 783 3973 quampotissimum,
803 3900 846 3948 eo
870 3877 1072 3967 efficiatur,
1104 3891 1146 3950 ut
1169 3897 1428 3960 removeantur

170 4057 196 4114 ¹,
238 4011 404 4080 aliena·
429 4017 674 4106 notenturque
714 4035 845 4106 parum
872 4011 1148 4098 cohaerentia,
1193 4035 1305 4108 saepo
1355 4042 1425 4094 uno

264 4145 478 4230 ver-hoaut
506 4147 726 4217 brevissima
754 4147 1048 4240 interrogatione
1082 4167 1252 4239 magnam
1286 4164 1424 4224 contro·

239 4270 425 4350 'versiam
455 4278 543 4352 licet
575 4279 762 4350 dirimere.
813 4278 990 4350 Advertit
1008 4279 1143 4350 'autem
1174 4281 1316 4354 animos
1349 4287 1424 4356 exi·

262 4411 355 4500 ruie,
405 4395 517 4506 quum
558 4413 664 4488 brevi
702 4411 801 4484 dicto
839 4412 1060 4506 interposito
1101 4412 1247 4530 sistitur
1272 4423 1421 4490 temero
