3056 4986
477 141 859 322 '5121-

116 423 221 476 uutem
242 403 462 474 Alexandriae
481 399 654 466 Hadriano
675 412 707 464 et
737 398 899 463 Antonino
921 397 979 464 Pio
1006 396 1277 485 imperatoribus)

117 531 251 577 casuum
273 508 554 595 gruvnuratioorum
577 503 709 568 uomina
733 503 814 564 adeo
840 502 906 564 iarn
929 503 963 564 iu
979 523 1175 566 communem
1190 505 1278 567 vitae
1366 577 1371 582 ,

118 609 401 686 usumubierunt,
425 620 460 670 ut
490 604 575 690 apud
601 603 686 666 huuc
713 605 877 667 nominum
913 601 1132 670 definitionem
1159 606 1279 669 irrrstru

119 715 325 802 quaesiveris.
376 707 487 793 ltaque
502 709 556 791 qui
573 707 746 770 accusativi
761 705 902 769 nominis
916 707 1072 770 rationem
1096 711 1278 792 perspicere

118 817 273 894 voluerit,
301 813 340 878 ad
355 805 535 888 αἰτιατικὴν
549 811 742 889 remittetur,
769 829 905 892 eumque
919 808 1077 887 fortusse,
1103 809 1132 870 si
1148 809 1277 892 quidem

119 941 215 1010 casua
250 916 367 982 Stoicis
401 910 512 988 deberi
539 911 707 998 videutur,
749 898 980 974 e‘Stoicorum
1012 899 1186 996 disciplina
1220 911 1306 980 du·¹
1370 992 1374 997 .

123 1021 271 1088 cendam.
1154 1079 1160 1094 ,
1277 1063 1281 1078 ,

128 1200 133 1210 .
219 1112 505 1204 Aiucrrxipigitor
519 1113 679 1202 duplicem
702 1116 997 1200 interpretationem
1019 1113 1173 1193 admittit,
1200 1112 1282 1181 uite·
1371 1163 1373 1172 .

121 1246 191 1292 reru
206 1223 247 1288 ab
266 1222 466 1302 accusando,
492 1217 626 1284 alteram
641 1238 661 1280 a
676 1239 793 1282 causae
808 1219 939 1282 uotioue
954 1221 1134 1304 repetitum.
1168 1243 1172 1248 ’
1193 1215 1282 1294 Qua·

122 1349 193 1394 ruru
213 1327 352 1414 priorem
375 1322 486 1387 Latini
507 1321 610 1398 secuti
631 1332 722 1400 runt,
753 1313 799 1383 ita
822 1321 969 1404 quidem,
1003 1331 1055 1397 ut,
1088 1309 1163 1384 dum
1186 1341 1283 1386 casua

122 1444 265 1516 potestur
287 1430 321 1491 in
341 1424 539 1510 amplissimo
563 1421 694 1506 liuguae
710 1419 833 1500 ambitu
854 1434 983 1508 regnat,
1005 1425 1143 1486 nominis
1158 1425 1223 1486 viru
1239 1421 1283 1486 ab

122 1553 186 1596 uno
211 1551 315 1614 eoque
338 1526 553 1591 remotissimo
574 1521 697 1610 angulo
720 1517 893 1594 traherent.
945 1520 1051 1598 Quam
1072 1526 1159 1588 viam
1181 1527 1213 1587 si
1237 1538 1284 1589 te-.
1392 1585 1394 1593 ,

123 1655 201 1698 uere
222 1630 324 1706 velis,
359 1626 424 1692 uuo
452 1642 537 1692 corte
560 1636 749 1712 prgumeutu
777 1629 857 1692 tueri
879 1627 999 1711 pessis.
1053 1623 1167 1712 Neque
1197 1629 1283 1690 enirn

126 1733 219 1802 aliter
242 1733 420 1819 genitivum
444 1751 464 1793 a
484 1729 666 1816 gignendo,
700 1728 841 1792 dativum
865 1749 884 1790 a
906 1729 1031 1808 dando,
1051 1744 1216 1815 utrumque
1240 1726 1282 1792 ab

125 1859 189 1917 uoa
210 1837 450 1899 innumerorum
475 1830 641 1896 verborum
662 1833 773 1915 specie
795 1829 990 1915 appeliatum
1008 1852 1080 1898 esse
1098 1832 1284 1896 contendet.
1365 1823 1374 1839 ‘

125 1938 170 2008 bt
183 1959 258 2002 vero
275 1938 439 2022 utriusque
454 1936 593 1998 nominis
609 1931 705 2018 piune
721 1931 851 1997 aliaest
867 1935 960 1997 rutio.
994 1930 1171 2008 Genitivus‚
1187 1955 1284 2023 quem

7 2041 9 2058 '
111 2041 246 2135 ¹Graeci
272 2039 395 2106 ’πτῶσιν
416 2029 545 2122 γενικὴν
571 2037 739 2115 dixerunt,
779 2057 883 2122 genus
905 2036 1042 2112 indicat,
1076 2058 1096 2099 a
1121 2057 1184 2121 quo
1210 2035 1286 2121 quid

128 2144 269 2228 ducitur,
294 2155 328 2208 ut
343 2140 405 2204 hoc
422 2141 551 2202 nurnine
566 2140 754 2217 universus,
782 2140 837 2224 qui
851 2159 934 2202 nunc
949 2149 1095 2214 vocatur,
1121 2139 1286 2224 genitivus

130 2243 272 2310 attributi
287 2242 372 2305 baud
389 2242 496 2324 inepte
510 2237 716 2325 significatur.
753 2237 828 2314 Quo
844 2240 1001 2322 pertinent
1013 2237 1165 2321 Dionysii
1180 2238 1285 2304 Thra*

129 2350 177 2432 cis
192 2342 291 2411 verba
305 2341 348 2430 (1.
362 2341 405 2430 l.)
415 2339 470 2425 :ri
493 2342 530 2408 δὲ
553 2333 661 2426 γενικὴ
681 2337 814 2423 κτητικὴ
828 2343 882 2406 καὶ
896 2335 1047 2428 πατρική.
1100 2338 1195 2406 Uude
1217 2343 1287 2428 qui·

130 2452 204 2516 dem
219 2445 458 2534 antiquissimus
479 2445 706 2530 ςιιιιιιιιιιιιῐινι
726 2445 863 2528 primum
885 2443 1020 2530 genitivi
1043 2445 1201 2530 originem
1222 2465 1288 2510 nou

30 2577 42 2602 ι
132 2548 290 2627 averbis,
315 2569 397 2635 quae
416 2546 574 2612 eiusmodi
593 2565 703 2610 casum
725 2541 767 2612 ex
785 2549 925 2632 ipsorum
941 2546 1080 2612 notionis
1095 2550 1289 2614 necessitate
1308 2607 1314 2616 .

131 2657 317 2738 requirunt,
343 2652 401 2715 sed
422 2673 441 2713 a
463 2647 676 2713 uub'ateotiuis
696 2648 781 2728 illis,
811 2670 894 2734 quae
912 2669 1022 2712 casum
1039 2651 1213 2715 secundum
1226 2649 1291 2716 sibi

135 2757 339 2833 adsciscunt,
371 2754 534 2817 derivasse
558 2750 655 2816 facile
677 2763 775 2835 putet.
825 2748 921 2824 Quod
944 2771 1020 2814 nuru
1041 2766 1126 2817 reete
1144 2754 1290 2832 fecerint,
1355 2809 1361 2815 .

133 2859 244 2945 quaeri
259 2867 381 2940 potest3
403 2855 523 2920 nomini
537 2874 614 2916 vero
628 2855 748 2915 iustam
764 2863 953 2935 potestetern
969 2873 1063 2916 nemo
1079 2852 1290 2940 extorquebit.

133 2960 273 3053 Dativus
289 2956 437 3035 edendo,
452 2955 719 3042 quemadmodum
735 2946 847 3036 δοτικὴ
863 2975 884 3016 o
898 2951 996 3018 verbo
1016 2946 1158 3034 διδόναι,
1177 2945 1291 3041 bppel·

134 3063 219 3127 latua
233 3074 297 3134 eat3
325 3080 388 3144 quo
404 3060 529 3152 quidem
548 3055 627 3121 nihii
651 3058 691 3122 ad
707 3077 774 3121 reru
790 3057 1062 3122 accommodatius
1084 3056 1155 3123 fieri
1175 3061 1289 3144 potuit.
1400 3095 1403 3104 ·

134 3166 273 3237 Dativur
290 3165 395 3237 enim,
421 3165 450 3226 si
467 3161 669 3224 accusativus
685 3161 718 3224 iu
735 3181 786 3239 re,
811 3182 891 3246 quac
906 3159 963 3224 ve}
981 3159 1115 3226 efficitur
1135 3161 1189 3226 vel
1208 3165 1291 3248 puti-

136 3283 203 3346 tut‚
237 3278 400 3339 versatur,
435 3281 609 3349 personae,
638 3251 679 3325 ad
701 3283 796 3350 quern
818 3259 908 3326 verbi
932 3264 1014 3327 uctio
1033 3267 1186 3346 pertinet,
1209 3265 1293 3330 indi-

137 3369 259 3438 candae
277 3368 418 3430 inservit.
472 3361 565 3438 erud
589 3360 680 3426 verbi
701 3366 826 3426 actione
842 3365 933 3447 quasi
952 3353 1122 3448 porrigitur
1139 3379 1170 3428 et
1186 3366 1291 3446 datur,

137 3470 172 3538 id
186 3491 205 3532 u
220 3485 375 3552 persona,
401 3466 531 3549 quaein
547 3485 625 3527 casu
639 3464 745 3528 dativo
761 3468 906 3548 ponitur,
932 3477 1084 3552 tauquam
1104 3486 1196 3530 auuru
1211 3469 1295 3532 aeci·

137 3577 233 3658 pitur.
285 3564 380 3650 Unde
402 3569 468 3632 uisi
494 3566 591 3632 dandi
613 3579 646 3630 et
669 3567 846 3650 accipiendi
876 3568 988 3632 notitia
1009 3582 1116 3632 mutua
1139 3572 1294 3636 societate

139 3675 340 3746 tenetentur3
363 3691 474 3734 cuturn
491 3670 690 3754 acceptivum
707 3664 812 3752 potius
828 3691 922 3756 quarn
936 3671 1078 3736 dativum
1092 3671 1198 3736 dicere
1212 3671 1296 3737 libe-

140 3787 200 3844 ret.
234 3772 270 3836 lu
288 3795 350 3859 qua
375 3793 532 3856 perronae
554 3773 742 3855 accipientis
762 3773 893 3836 notione
915 3771 1039 3842 dativus
1060 3774 1108 3837 ita
1130 3777 1294 3859 proprium

141 3874 239 3947 hebet
254 3873 469 3953 tornutium,
493 3885 544 3950 ut,
573 3871 628 3936 nbi
643 3893 697 3937 res
712 3875 745 3936 in
761 3875 869 3940 dativo
887 3872 1100 3953 collocantur,
1130 3874 1295 3944 hominum

74 4021 76 4028 ι
142 3982 242 4048 instar
264 3979 419 4056 vitamet
442 3974 636 4040 veluntatem
656 3974 797 4040 induent.
848 3972 962 4060 ltaque
984 3976 1118 4062 genitivi
1142 3994 1174 4042 et
1196 3979 1296 4044 dativi

143 4075 326 4146 numinibus
349 4098 435 4140 artus
450 4091 514 4142 atat
536 4076 639 4140 bonor
661 4096 835 4161 eorumque
861 4077 1002 4144 conditio
1026 4079 1066 4142 ud
1082 4084 1296 4146 accusatiruur

145 4179 295 4247 tuendum
316 4178 466 4243 advocari
483 4202 541 4244 uec
553 4176 649 4244 debet
665 4200 725 4244 uec
748 4189 876 4264 potest.
915 4178 1045 4254 Audies,
1063 4177 1147 4246 alius
1166 4203 1296 4246 aecusa-

145 4287 242 4356 tivum
267 4285 311 4346 ita
336 4278 562 4362 defendentes,
587 4293 622 4346 ut
641 4279 837 4371 κατηγορίας
860 4279 901 4344 ab
922 4283 1126 4348 accusatione
1143 4281 1296 4348 edulium
1349 4293 1377 4334 ι’

146 4383 442 4474 ρΙιιιιαιοςίιοιιιιι
466 4403 559 4452 usum
582 4382 753 4478 translatus
775 4399 925 4469 tanquam
952 4381 1116 4452 simillium
1145 4385 1298 4474 exemplu
