3040 5014
568 132 1024 216 .-108-'

113 407 119 422 ,
207 353 307 420 state,
333 341 508 428 gravitate,
533 351 703 412 venustate
726 335 924 404 excelluisse
947 347 1062 421 sponte
1086 344 1234 418 apparet,
1273 329 1385 398 Cete-

207 463 279 507 rum
301 441 364 506 hae
387 441 497 529 populi
517 442 761 507 Atheniensium
787 441 947 524 imagines
975 435 1135 524 quomodo
1158 449 1386 520 comparatae.

206 547 326 610 iruerint
344 565 413 609 non
436 559 486 608 est
505 533 634 609 difficile
656 546 698 608 ad
717 542 935 607 divinandum.
988 537 1108 603 Sexum
1123 537 1247 602 virilem
1263 539 1381 604 luisse

206 649 310 711 videri
325 649 389 712 iam
404 647 521 711 dictum
542 635 607 721 est'3
634 661 724 711 aetas
745 667 868 730 quoque
885 641 987 707 virilis
1002 643 1072 706 sive
1089 639 1236 705 iuvenilis
1257 642 1376 728 luerit,
1489 709 1490 752 p

205 771 270 813 non
293 746 425 827 senilis,
461 770 524 836 qua
546 749 685 814 Denmm
710 749 812 812 induit
833 745 874 809 ad
896 742 1058 830 singulare
1079 741 1379 812 suurumoueiliuus

205 851 443 916 accommodate
465 849 714 936 Aristophanem
740 853 855 936 quippe
875 869 1036 932 nunquam
1059 844 1198 931 populus
1216 848 1375 910 senescit.
1489 857 1490 862 ’

203 951 375 1034 Praeterea
405 955 550 1038 insignia
581 954 737 1038 quaedam
771 953 966 1044 accesserint
992 969 1125 1013 necesso
1151 961 1219 1026 est,
1253 945 1373 1032 quibus

203 1055 451 1120 Atheniensium
473 1054 611 1140 populns
630 1053 672 1118 ab
695 1053 767 1118 aliis
784 1055 1037 1140 dignosceretur.
1088 1048 1369 1126 Quemadmodum

186 1157 304 1240 'igitur
324 1155 436 1220 Africa
458 1157 554 1222 leone
575 1143 875 1242 atque-elephante,
900 1152 1021 1220 Arabia
1036 1151 1162 1218 carnelo
1178 1164 1272 1238 atque
1286 1166 1371 1216 stru·

203 1255 331 1337 thione,
345 1258 511 1356 Aegyptus
530 1263 626 1336 sistro
642 1274 734 1346 atque
753 1257 809 1338 ibi,
826 1257 966 1342 Phrygia
983 1259 1079 1320 mitra
1097 1252 1370 1340 insigniehaatur,

204 1360 251 1424 ita
273 1360 384 1446 populi
403 1360 646 1427 Atheniensium
671 1363 813 1447 insignia
835 1363 981 1444 inprimis
994 1371 1162 1431 aucturam,
1183 1354 1370 1438 oleastrum,

203 1463 375 1547 tridentem
391 1465 493 1528 luisse
509 1485 553 1530 ex
569 1467 706 1530 nummis
721 1462 835 1527 Atticis
849 1473 958 1546 potest
973 1458 1093 1546 colligi.
1143 1457 1211 1521 lam
1228 1462 1258 1522 si
1271 1481 1375 1544 quae·.

202 1565 301 1644 nitur,
327 1587 485 1650 quaenam
499 1589 613 1632 earnm
629 1587 708 1652 quas
722 1564 901 1628 Pausanias
925 1562 1063 1626 Athenis
1077 1560 1155 1626 vidit
1170 1559 1268 1625 Demi
1287 1565 1372 1625 ima·

204 1668 297 1750 gines
313 1667 359 1729 ad
379 1666 465 1734 hanc
484 1670 656 1732 secundam
674 1666 809 1740 classem
829 1669 1028 1751 pertineant,
1050 1683 1114 1729 non
1132 1661 1228 1730 facile
1245 1677 1295 1727 est
1318 1665 1371 1726 iu·

204 1767 334 1831 dicium.
371 1768 464 1834 Licet
479 1772 564 1833 enim
581 1767 910 1854 suspiceturaliquis,
935 1769 1093 1852 imagines
1106 1765 1219 1850 populi
1230 1765 1372 1830 Athenis

93 1932 97 1940 ,
205 1869 349 1955 conditas
371 1883 402 1933 et
423 1869 464 1934 ab
486 1870 663 1936 artificibus
684 1871 801 1936 Atticis
820 1870 962 1956 prolatas
981 1867 1225 1932 Atheniensium
1243 1890 1368 1952 qtroque

203 1969 489 2058 pepuliimagines
502 1977 618 2055 fnisse,
641 1969 836 2037 tamennon
857 1971 963 2036 solum
980 1970 1156 2034 Pausanias
1170 1968 1293 2046 obstat,
1314 1972 1371 2056 qui

172 2126 175 2130 .
204 2073 280 2136 dum
301 2071 397 2137 hasce
414 2073 516 2155 ,Demi
536 2059 725 2162 simpliciter
745 2075 903 2159 imagines
933 2071 1093 2158 appellat,
1120 2070 1185 2134 alio
1207 2070 1281 2136 loco
1303 2084 1371 2136 sta·

203 2189 293 2238 tuam
317 2170 430 2260 Δήμου
454 2176 516 2245 τοῦ
545 2179 773 2264 Σπαρτιατῶν
796 2188 1041 2255 commemorat,
1074 2195 1184 2238 verum
1213 2175 1310 2246 etiam
1333 2175 1369 2238 in

202 2277 276 2362 ipsa
296 2299 331 2341 re
358 2279 443 2342 inest
468 2301 529 2365 quo
557 2280 655 2345 facile
686 2281 873 2360 adducaris,
907 2293 941 2342 ut
962 2299 1019 2342 eas
1041 2293 1154 2340 omnes
1176 2277 1212 2340 in
1239 2278 1369 2340 tertiam

207 2375 348 2442 classem
360 2382 564 2464 reponendas
582 2404 655 2446 esse
674 2403 818 2445 censeas»

304 2477 409 2563 Atque
423 2481 507 2547 hauc
523 2484 649 2568 quidem
666 2505 723 2548 eas
741 2483 885 2546 diximus
906 2482 1067 2566 imagines
1087 2476 1274 2564 complecti,
1300 2481 1372 2566 qni·.

170 2663 173 2670 ι
205 2576 267 2642 ltus
289 2578 427 2666 populus
450 2587 482 2647 in
505 2575 687 2648 universum
710 2595 967 2669 repraesentatus
990 2602 1062 2646 esse
1078 2582 1251 2646 videretur.
1283 2579 1371 2648 Alrs·

207 2694 309 2746 tracta
331 2705 412 2768 quae
432 2687 581 2752 dicuntur
597 2707 841 2771 saepenumero
858 2683 902 2748 ab
917 2685 1055 2777 antiquis
1069 2683 1245 2750 artificibus
1260 2687 1369 2770 specie

205 2797 301 2870 atque
321 2785 426 2874 figura
450 2789 589 2854 humana
609 2791 721 2866 induta
744 2802 776 2854 et
797 2787 902 2852 efficta
914 2789 1083 2866 ossessinter
1099 2808 1212 2850 omnes
1228 2801 1369 2861 constatt

207 2891 297 2952 cuius
320 2870 448 2974 generis
472 2908 545 2957 sunt
566 2895 726 2980 imagines
747 2892 929 2968 Audaciae,
956 2888 1123 2970 Honoris,
1142 2889 1263 2969 Sertis,
1286 2889 1369 2954 For·

205 3002 322 3068 tunae,
344 2991 439 3075 Spei,
463 2991 546 3056 Boni
562 2994 720 3069 lineatus,
746 2993 952 3066 Securitatis,
978 3010 1058 3074 quas
1073 2993 1241 3077 proposuit
1256 2989 1368 3074 Millin

204 3091 241 3152 in
260 3088 333 3176 gal.
357 3092 490 3173 mythol.
514 3092 603 3156 tabl).¹
625 3099 686 3158 49.
715 3098 774 3156 72.
797 3099 854 3157 79.
881 3097 940 3154 88.
964 3096 1024 3157 89.
1048 3097 1107 3155 91.
1158 3093 1233 3157 Pari
1258 3095 1366 3170 modo,

204 3189 268 3252 nisi
300 3188 415 3271 fallor,
449 3193 609 3277 Populum
626 3177 768 3280 *quoque
799 3192 957 3258 abstracto
993 3213 1090 3256 sensu
1127 3208 1368 3278 expresserunt,

204 3288 474 3376 Popularitatem,
507 3300 609 3361 atita
632 3298 755 3376 dicam,
787 3299 813 3360 i.
837 3319 866 3360 e.
887 3295 1033 3360 intimam
1060 3297 1222 3362 notionem
1244 3295 1370 3384 populi,

204 3403 357 3480 tanquam
381 3400 534 3463 unitatem
557 3397 786 3477 multitudinis,
812 3401 930 3462 sivein
946 3390 1094 3484 populari
1111 3402 1245 3482 imperio
1261 3403 1368 3484 ipsum

111 3551 119 3590 3
204 3498 337 3580 genium
359 3499 510 3564 civitatis.
561 3502 705 3566 Eandem
727 3504 891 3565 notionem
915 3515 951 3564 ut
972 3499 1222 3584 inimaginibus
1247 3500 1367 3562 aPaue

166 3627 175 3636 -
205 3599 299 3660 sauia
320 3595 426 3664 allatis
451 3623 642 3687 expressam
667 3625 741 3668 esse
763 3605 911 3682 credam,
939 3600 1081 3664 efficiunt
1103 3599 1177 3662 loca
1198 3599 1230 3660 in
1252 3595 1367 3683 quibus

202 3685 458 3784 erant-positast
487 3704 608 3770 scilicet
628 3709 734 3790 prima
755 3707 789 3768 in
812 3705 886 3769 foro
903 3701 1038 3764 Piraeeo
1066 3701 1135 3786 (sic
1158 3703 1242 3766 euim
1267 3701 1368 3770 sorba

203 3804 413 3886 interpretor,
438 3818 473 3868 ut
493 3811 635 3891 porticus
657 3808 698 3871 ab
715 3811 820 3871 antica
834 3818 923 3892 parte
939 3825 1046 3877 mare,
1071 3824 1092 3866 a
1112 3803 1236 3887 postica
1259 3804 1364 3870 forum

204 3899 393 3992 habuerit),
420 3909 515 3972 tertia
528 3911 562 3973 iu
578 3911 684 3988 curia,
708 3922 843 3994 utroque
857 3912 889 3972 in
903 3907 977 3971 loco
992 3905 1160 3971 coniuncta
1175 3927 1246 3970 cum
1260 3920 1366 3976 statua

204 3999 309 4078 lovis3
321 4009 450 4101 'quippe
465 4025 597 4098 utroque
613 4014 647 4084 in
664 4009 737 4076 loeo
752 4031 910 4075 summam
928 4005 1064 4094 populus
1079 4021 1210 4072 exercet
1224 4021 1366 4093 potesta·

205 4119 271 4170 tem
287 4109 490 4192 praesidente
506 4116 599 4197 quasi
617 4108 742 4177 summo
756 4133 861 4177 rerum
876 4112 1016 4176 cranium
1035 4123 1170 4174 rectore.
1221 4110 1258 4176 ln
1275 4113 1364 4176 curia

207 4208 334 4272 adiecta
350 4223 418 4274 erat
432 4226 537 4277 statua
552 4213 724 4298 Apollinis,
741 4237 835 4300 quern
850 4210 1000 4303 πατρῷον
1015 4211 1118 4276 luisse
1134 4215 1294 4298 suspicor3
1321 4208 1363 4276 ab

206 4308 267 4374 hoc
285 4313 371 4376 enim
386 4333 488 4400 genus
503 4314 718 4382 Athenienses
734 4313 946 4383 deducebant.
982 4311 1074 4391 Quae
1081 4316 1120 4383 ,si
1135 4325 1222 4382 recte
1236 4335 1256 4378 a
1268 4310 1365 4380 nobis
