3040 5014
1085 285 1102 320 ί

120 391 122 398 ’
206 378 352 444 maxiroe
374 375 515 443 salutare
537 377 658 442 civitati
681 377 850 458 duxerint,
880 373 1301 442 udecnmrttettostsstme
1319 371 1386 440 ob-
1458 359 1463 364 ’
1496 389 1500 422 t

209 501 338 547 servare
356 491 388 544 et
403 478 569 560 omnibns,
596 503 676 566 quae
701 479 853 566 pumilio,
878 478 1047 562 iuvenilis,
1070 473 1172 542 virilis
1195 491 1285 543 aetas
1301 477 1381 555 lert,

205 583 363 669 periculis
376 586 440 648 siut
455 583 592 670 spectati
609 584 655 671 (p.
670 591 757 648 414.
775 578 839 670 A.).
865 581 931 644 Sed
949 581 1034 646 huuc
1049 582 1113 647 taio
1132 573 1303 668 ἀρχόντων
1319 583 1381 646 de·

179 721 185 737 ,
208 685 328 752 lectum
349 689 463 770 paucis
486 698 609 750 tantum
626 683 715 750 'nuuc
734 681 938 750 adumbravit
954 679 987 774 ⁸)
1010 697 1198 768 propterea,
1231 685 1317 770 quod
1334 687 1378 750 in

209 788 312 854 altera
328 789 456 852 deutrum
471 802 562 874 parte
576 786 696 874 dialogi
713 788 915 874 exquisitioni
929 789 1107 872 principum
1131 801 1164 852 et
1186 801 1320 864 naturae
1341 801 1379 852 ct

206 893 400 986 institutioni
424 903 548 975 pateret
558 908 614 956 tex
642 889 850 976 philosophia
878 887 967 954 loeus
997 888 1146 975 amplior.
1197 888 1251 954 Ad
1280 911 1378 976 quern

208 997 296 1060 sexti
316 991 391 1060 libri
415 993 521 1058 loeium
544 1007 716 1079 antequam
737 993 1012 1080 transgrediatur,
1040 1015 1124 1057 nuuc
1141 994 1287 1079 quidem,
1314 1009 1396 1058 ext

207 1111 310 1164 tremo
333 1099 425 1184 tertio
442 1094 555 1178 libro,
588 1097 676 1161 addit
699 1119 790 1184 quae·
806 1097 847 1161 ad
870 1097 989 1160 civitam
1009 1077 1213 1160 concordiam
1229 1097 1376 1182 negotia-

206 1219 339 1286 rumqne
354 1197 643 1266 distribuendorum
661 1200 960 1284 eurarn'pertiuent‚
988 1220 1070 1284 quae
1093 1190 1155 1263 lloc
1171 1201 1233 1264 erit
1247 1201 1373 1278 iustior,

92 1379 93 1384 γ
208 1306 238 1368 ai
252 1305 454 1388 ingeniorum
469 1303 639 1368 diversitas
654 1316 831 1387 spectatur,
854 1324 926 1367 eum
951 1302 1032 1366 deus
1053 1323 1166 1368 aurum
1182 1315 1235 1368 aut
1252 1321 1373 1386 argeus·
1446 1331 1449 1336 ·

205 1420 271 1494 turn
295 1418 353 1470 ant
370 1407 489 1474 ferrum
510 1407 639 1491 cuique,
665 1407 742 1470 dum
758 1418 968 1486 rasceretur,
1004 1405 1213 1470 admiscuerit
1232 1402 1313 1488 (ΙΙΙ.
1336 1425 1385 1487 pc

165 1521 167 1526 ’
207 1514 294 1574 415.
310 1508 374 1593 Α.).
422 1506 554 1574 Habent
578 1510 676 1607 igitur
696 1508 946 1592 praestantiores
970 1509 1070 1571 animi
1090 1508 1234 1572 divinum
1258 1527 1370 1572 aurum

207 1625 240 1676 et
252 1623 440 1698 argentum,
463 1625 497 1675 ut
511 1609 654 1676 humano
664 1607 762 1676 facile
776 1614 902 1695 possint
915 1615 1029 1674 'carere
1045 1613 1136 1675 etita
1150 1610 1285 1696 quisque
1299 1607 1371 1674 leli·

108 1715 113 1724 '
206 1717 357 1782 oisstruus
378 1717 438 1789 sit,
462 1715 490 1778 ei
512 1733 604 1778 suam
627 1711 764 1780 salutem
786 1713 980 1780 iu'civitatis
1000 1714 1174 1780 concordia
1195 1727 1231 1778 et
1249 1713 1371 1778 iustitia

208 1819 354 1904 posuerit
382 1815 460 1900 (IV.
477 1838 509 1903 p.
526 1823 611 1883 420.
629 1813 695 1901 B.).

255 2029 257 2036 2
306 1985 475 2062 Eiusmodi
490 1988 585 2074 igitur
598 1988 711 2080 civitas
728 1988 788 2050 erit
798 1984 905 2068 bona,
926 1985 1012 2072 quod
1025 1999 1075 2050 est
1090 1985 1243 2071 prudens,
1265 1985 1369 2065 fortia,

123 2096 127 2106 ’
171 2165 176 2172 ,
207 2097 391 2173 temperans
405 2104 436 2154 et
454 2091 550 2154 iusta.
599 2087 941 2176 Equibuavirmtibmr¹
959 2081 1127 2174 prudentia
1152 2087 1301 2180 (σοφία)
1322 2073 1372 2158 est

206 2185 458 2278 τῶνάρχόνιων
478 2195 608 2279 propria
632 2192 683 2278 (p.
700 2197 786 2258 428.
802 2191 883 2276 ΙΙ),
919 2204 955 2254 ut
978 2191 1110 2258 videant
1131 2193 1205 2278 quid
1228 2189 1306 2256 utile
1329 2193 1370 2256 sit

206 2293 422 2382 reipublicac;
444 2297 617 2378 fortitudo,
639 2317 719 2380 quae
735 2294 839 2382 qualis
852 2300 894 2359 sit
906 2319 937 2382 p.
955 2299 1040 2382 429.
1056 2291 1093 2362 Β.
1111 2316 1210 2382 usqne
1226 2294 1265 2358 ad
1284 2299 1368 2358 430.

137 2475 148 2492 ,
209 2395 246 2486 C.
264 2410 296 2483 et
311 2419 342 2483 p.
357 2403 442 2464 440.
457 2399 495 2462 Ε.
511 2397 721 2484 intelligitur,
748 2400 818 2463 eiua
839 2411 889 2462 est
904 2399 1005 2482 partis
1021 2398 1154 2480 civium,
1180 2419 1263 2486 quae
1279 2417 1370 2460 secu·

145 2539 148 2542 ·
207 2501 336 2567 ritatem
358 2502 437 2586 reip.
461 2512 584 2576 tuetur3
617 2503 846 2586 temperantia,
869 2503 1011 2566 omnium
1038 2502 1155 2566 civium
1179 2500 1369 2580 communis,

206 2604 241 2669 in
258 2597 493 2688 imperantium
507 2615 540 2668 et
564 2600 781 2668 obedientium
801 2625 960 2694 consensu
985 2595 1142 2694 (ὁμονοίᾳ
1161 2625 1194 2689 p.
1211 2608 1295 2668 432.
1310 2600 1368 2689 A.)

207 2709 366 2781 cerritum
389 2727 449 2772 nec
470 2707 579 2770 minus
599 2704 665 2770 late
685 2718 774 2793 patet
795 2707 935 2787 iustitia,
962 2729 1025 2793 qua
1044 2707 1178 2795 quisque
1194 2729 1252 2768 suo
1270 2703 1367 2790 ope're

142 2837 148 2845 ‘
204 2810 368 2896 iungitur,
401 2829 461 2876 nec
483 2808 591 2874 aliena
616 2825 704 2874 curat
725 2807 778 2874 uel
800 2809 939 2897 appetit:
971 2832 1054 2895 quae
1075 2813 1176 2876 virtus
1198 2809 1281 2896 quod
1303 2827 1367 2872 nou

126 2927 135 2940 ‘
205 2925 333 2986 serrata
351 2913 456 2977 'totam
478 2913 640 2978 civitatem
660 2915 865 2996 pessumdat,
891 2911 1368 3000 interreliquasuirtutespriu·
1442 2993 1444 3000 y
1499 2965 1500 2976 r

206 3016 345 3100 cipetum
369 3013 492 3078 olrtinet
511 3017 563 3100 (p.
577 3020 664 3078 433.
680 3013 724 3078 Ι).
746 3037 846 3102 usque
865 3017 905 3078 ad
921 3020 1007 3082 435.
1021 3014 1076 3102 A.)
1100 3037 1219 3099 easque
1239 3018 1289 3080 sui
1311 3035 1367 3078 no·

206 3119 305 3182 minis
327 3116 536 3198 amplitudine
561 3115 794 3202 complectitur.
846 3117 1058 3202 ¹Eaedemque
1087 3119 1219 3182 virtutes
1252 3119 1285 3186 in
1310 3117 1367 3180 ho-

205 3220 303 3284 minis
318 3219 427 3304 auium
441 3241 515 3284 esse
531 3217 666 3295 debent,
693 3221 784 3284 cuius
799 3233 863 3284 tres
874 3234 984 3305 partes
1000 3219 1237 3308 distinguuntur
1250 3222 1367 3284 civium

205 3320 372 3388 ordinibus
397 3320 539 3404 siruiles,
563 3317 868 3409 tdc’ucdupmmdr
890 3324 935 3416 τῷ
958 3319 1205 3412 percunctationi
1228 3322 1263 3386 in
1291 3322 1369 3386 civi-

204 3440 271 3495 tate
295 3425 420 3514 simssac
453 3419 492 3492 ad
521 3428 696 3510 θυμοειδές
714 3427 768 3510 ’τῷ
798 3425 1010 3517 ἑπιιιουρικῷς
1047 3421 1085 3495 τὸ
1114 3417 1300 3510 λογιστικὸν
1320 3422 1368 3504 τῷ

104 3581 108 3607 ,
203 3529 383 3618 polentaci-
428 3524 568 3608 Imperat
583 3528 682 3609 igitur
695 3520 734 3592 τὸ
748 3523 932 3609 λογιστικὸν
945 3522 1185 3608 auxiliantem?
1200 3507 1372 3608 θὐμοιιδεῑ

205 3633 240 3696 iu
266 3625 452 3715 coercendis
474 3623 718 3709 cupiditatibus:
752 3628 1047 3712 eodemquemodo
1068 3632 1101 3691 in
1133 3627 1261 3690 civitate
1288 3625 1366 3690 illae

114 3783 117 3792 ,
205 3733 340 3798 virtutes
362 3729 553 3793 coniunctae
573 3728 708 3814 partium
729 3731 830 3794 animi
855 3745 1044 3795 concentum
1067 3728 1227 3808 efficiunt,
1252 3732 1297 3794 ita
1319 3743 1366 3795 ta·

206 3857 299 3910 men,
320 3846 355 3899 ut
371 3832 539 3918 prudentia
562 3834 708 3923 (copie)
731 3833 899 3902 honestant
918 3853 1045 3909 omnem
1071 3835 1249 3916 actionem,
1274 3855 1367 3920 qnam

166 3965 168 3974 ¹
205 3936 330 4004 iustitia
351 3947 495 4022 praestat
509 3949 541 4002 et
554 3947 743 4022 conservat,
764 3959 891 4024 terum,
917 3959 998 4024 quae
1020 3939 1133 4034 cuique
1154 3940 1241 4023 parti
1264 3951 1296 4004 et
1310 3938 1368 4002 toti

206 4123 489 4142 mmm
540 4143 544 4148 Ι

240 4235 271 4299 8)
287 4229 352 4284 Vld·
367 4227 417 4282 lll-
439 4245 468 4298 p·
480 4227 544 4281 414⁴
561 4227 594 4279 A.
616 4217 730 4296 rantra
746 4192 807 4294 arc,
820 4225 850 4296 ἦν
865 4228 894 4282 δ’
907 4227 969 4300 lyei,
987 4229 1060 4284 δοκεῖ
1074 4251 1138 4301 μοι,
1157 4225 1178 4284 oi
1199 4226 1333 4290 Γλαύκων,
1350 4224 1366 4293 ἦ

273 4316 364 4384 intorti
384 4317 451 4370 siem
474 4313 518 4368 rei
535 4311 692 4378 auctionatus
709 4317 761 4371 cciv
777 4315 910 4389 ἀρχόντων
925 4336 955 4369 τε
973 4319 1017 4370 aui
1034 4312 1230 4388 cultissimis
1245 4315 1272 4364 dv
1288 4309 1368 4384 τύπῳ,

272 4399 308 4468 μὴ
327 4395 366 4452 δι’
378 4395 527 4470 ἀκριβείας,
543 4400 675 4470 εἰρῆσθαι.
