3040 5014
632 242 690 302 -,-
735 197 834 280 ato
892 136 984 261 -J
1066 146 1067 152 Ν

1095 311 1114 350 ἢ

209 405 332 486 leucri,
359 399 426 469 svst
449 402 624 488 perlectam
656 391 838 484 civitatem,
873 403 998 490 qualem
1021 403 1177 483 fluxerit,
1200 407 1268 469 sire
1293 425 1387 470 unus

212 511 283 578 sive
305 508 412 594 plures
429 501 477 590 ¹⁰)
497 508 673 590 imperent,
703 509 793 570 nasci
815 527 911 591 posse
931 521 963 572 et
979 511 1117 588 servari,
1144 509 1174 572 si
1191 507 1388 592 philosophi

210 625 348 700 regnent
360 624 415 674 aut
428 629 524 695 reges
537 607 616 672 fiant
634 597 813 694 philosophi
834 609 1055 694 (V.471.D.
1073 611 1138 693 lh).
1189 607 1285 685 Quos
1303 633 1386 692 sen·
1466 685 1470 688 ,

210 719 312 782 tentia
335 725 424 776 tauta
446 725 513 792 est,
539 721 574 774 ut
596 715 732 776 servatis
752 713 972 797 superioribus
994 716 1148 778 institutis
1166 735 1210 777 ex
1230 713 1383 798 philoso·
1415 709 1422 718 ’

211 817 308 906 phiec
331 811 488 902 gravitate
512 827 545 878 et
564 814 721 900 dignitate
742 837 858 888 uorem
876 829 910 880 et
924 815 1137 882 excelsiorem
1154 819 1293 900 speciem
1311 839 1382 881 uon

213 923 313 1001 totius
329 920 487 998 civitatis,
514 919 696 981 sedentum
711 917 884 1001 praebeat,
910 922 963 1007 qui
986 935 1139 1005 praesunt
1161 918 1381 1004 reipublicae:

212 1027 268 1138 spui
288 1025 334 1088 ita
354 1021 502 1096 demum,
528 1021 557 1082 si
572 1016 781 1104 philosophia
793 1020 906 1087 imbuti
927 1025 1062 1100 fuerint,
1087 1025 1223 1108 imperio
1235 1021 1381 1086 habendi
1475 1039 1476 1046 ¹
1503 1015 1504 1038 ¹

163 1113 172 1126 ’
213 1145 290 1192 suut
313 1125 498 1211 dignissimi
517 1122 581 1208 (V.
596 1127 682 1186 473.
700 1123 763 1209 u).
815 1126 858 1190 Et
880 1127 1033 1211 quoniam
1055 1127 1194 1191 civitati-s
1215 1139 1248 1191 et
1276 1127 1382 1190 animi

122 1243 130 1250 ‘
213 1228 347 1296 humani
365 1226 484 1291 ‚eadem
506 1239 556 1290 est
579 1225 721 1289 conditio
743 1222 821 1312 (lv.
837 1222 924 1294 441.
940 1227 1011 1314 (1.),
1046 1231 1289 1316 magistratuum
1315 1249 1380 1293 ex-

214 1329 383 1403 cellentior
400 1329 528 1496 species
541 1349 610 1414 part
601 1329 722 1393 ruodo
737 1341 832 1416 utque
847 1353 904 1411 es,
929 1350 1012 1418 quae
1032 1333 1088 1396 de
1096 1334 1216 1398 iustitia
1230 1333 1379 1396 ciuitatis

214 1437 360 1511 dixerat,
386 1455 422 1496 re
424 1429 611 1497 lerridebet
625 1432 665 1495 ad
685 1432 824 1501 horuluis
846 1437 1002 1522 cuiusque
1021 1436 1271 1520 praestantiam,
1291 1453 1379 1520 quaa

214 1538 256 1603 ex
270 1520 500 1625 philosophiae
512 1534 619 1598 studio
637 1536 777 1602 ducitur.

305 1639 382 1716 Sed
404 1651 505 1702 ιοιιιιιι
526 1637 611 1704 hune
633 1637 859 1726 philosophiae
878 1661 1006 1707 cursum
1027 1642 1162 1726 scriptor
1177 1642 1209 1704 in
1226 1639 1290 1703 dno
1304 1659 1379 1725 per-

154 1811 155 1816 ,
213 1742 503 1828 lectionisgradus
526 1740 578 1806 uel
600 1743 663 1806 duo
686 1746 774 1826 qnasi
797 1745 903 1808 stadia
924 1745 1051 1828 divisit,
1076 1765 1211 1830 quorum
1226 1751 1321 1828 prim
1338 1763 1380 1805 ea
1435 1770 1440 1778 “

215 1849 375 1935 continet,
401 1865 483 1931 quae
505 1865 607 1930 usque
630 1847 669 1914 ud
693 1845 748 1912 Vl.
772 1863 812 1930 p.'
831 1853 913 1912 504.
936 1845 974 1911 B.
997 1846 1156 1934 leguntur.
1215 1843 1377 1920 Quoniam

215 1958 320 2015 autern
344 1963 408 2013 tarn
433 1968 584 2032 perversa
605 1951 638 2011 in
661 1947 775 2035 vulgus
793 1963 842 2014 est
857 1947 1043 2036 philosophi
1059 1951 1153 2013 notio.
1163 1962 1196 2014 et
1210 1951 1380 2014 existima·

215 2056 282 2132 tio,
307 2053 442 2135 primum
452 2047 613 2138 iutelligit
633 2070 727 2130 euru,
752 2053 808 2136 qui
829 2053 1019 2137 sapientiam
1037 2073 1181 2130 otttnem,
1209 2073 1272 2114 nou
1296 2051 1381 2115 huuc

216 2153 376 2220 velillum
393 2154 462 2216 eius
477 2165 617 2238 partem,
647 2166 732 2216 aurat
750 2153 813 2237 (V.
830 2177 860 2240 p.
878 2159 963 2220 475.
980 2152 1050 2244 8.),
1077 2157 1130 2240 qui
1155 2155 1305 2231 discendi,
1323 2175 1379 2217 cu-

216 2259 311 2345 pidus
336 2269 455 2334 estet,
483 2269 518 2319 ut
540 2257 719 2320 accuratius
740 2259 860 2336 discat,
885 2260 951 2322 ueri
973 2259 1190 2344 cognoscendi
1204 2257 1379 2320 studiosus.

217 2359 319 2426 Tales
341 2375 418 2424 veto
441 2356 644 2443 philosophi,
677 2361 762 2443 quod
787 2382 852 2426 nou
879 2363 1021 2445 speciem
1044 2381 1148 2424 rerum
1174 2359 1376 2433 admirantur,

218 2465 275 2530 sed
297 2466 403 2547 ipsum
428 2459 589 2544 pulcrum,
616 2460 713 2544 qrrale
735 2465 777 2526 sit
801 2485 859 2548 per
884 2485 937 2540 se,
966 2479 1102 2548 possunt
1127 2463 1259 2539 intueri,
1285 2463 1380 2546 pauci

149 2579 152 2585 '
219 2581 291 2632 sunt
311 2564 372 2647 (V.
388 2584 421 2647 p.
438 2566 557 2648 476.).
610 2561 696 2627 Τιιιιι
718 2566 882 2652 distinguit
902 2551 1070 2630 scientiam
1093 2561 1313 2652 (ἐπιστήμην)
1336 2563 1381 2626 ab

161 2708 163 2720 ·
219 2655 421 2756 ignorantia3
446 2663 553 2729 medio
577 2665 650 2729 loeo
674 2669 765 2750 pouit
786 2670 969 2754 opinionem
986 2665 1140 2756 (δόξαν),
1163 2689 1245 2754 quae
1261 2681 1308 2730 est
1324 2687 1379 2729 eo·

202 2759 310 2851 rum,
332 2773 384 2856 qui
409 2767 520 2854 pulcra
539 2782 571 2833 et
590 2771 673 2834 iustu
695 2769 798 2835 multa
820 2759 946 2853 vident}
970 2775 1075 2858 ipsum
1091 2787 1200 2840 autem·
1213 2771 1328 2834 iustum
1341 2782 1380 2858 et

37 2875 39 2888 ’
99 2895 101 2900 ’
217 2874 363 2963 puriorum
384 2893 447 2935 nou
460 2874 636 2950 intuentur,
663 2895 784 2960 nequo,
802 2878 830 2938 si
847 2874 917 2960 quis
932 2876 1047 2942 dooere
1063 2874 1155 2950 velit,
1181 2871 1380 2960 intelligunt,

219 2982 272 3066 qui
292 2999 354 3041 uon
376 2989 448 3038 suut
464 2971 743 3064 ptlduocpor,·sed
762 2969 949 3066 ptlddolot:
980 2998 1096 3062 eosque
1116 2977 1266 3041 Socrates
1287 2997 1380 3060 repu-

89 3067 92 3076 Δ
138 3083 141 3090 ’
219 3083 305 3160 diat,
332 3077 387 3141 uhi
402 3076 542 3164 eligendi
557 3079 621 3140 sint
639 3081 776 3142 civitatis
793 3081 964 3162 principes.
1006 3079 1098 3154 Quos
1112 3077 1170 3141 ΙΙΙ.
1186 3101 1219 3164 p.
1237 3085 1323 3144 412.
1339 3077 1381 3142 D.

125 3187 128 3200 '
220 3205 278 3250 eus
300 3183 428 3246 dixerat
452 3201 525 3244 essa
548 3194 711 3263 oportere,
740 3183 795 3267 qui
818 3185 1033 3267 scirentquid
1055 3179 1135 3246 utile
1149 3196 1236 3245 esset
1251 3183 1381 3260 civitati,

218 3287 382 3370 iidemque
407 3281 518 3368 leges,
543 3281 690 3366 inprimis
715 3285 857 3360 musicus
879 3286 1086 3370 disciplinae,
1117 3283 1236 3369 quibus
1252 3286 1382 3348 mutatis

220 3391 327 3456 omnis
342 3388 454 3452 civitas
470 3387 730 3472 pessumdaretur
753 3386 834 3474 (IV.
852 3388 1028 3481 tumst),
1048 3387 1293 3474 diligentissime
1314 3383 1383 3450 s'er-

223 3506 336 3560 varent
357 3503 390 3554 et
414 3503 591 3566 tuerentur,
617 3507 654 3554 ut
670 3490 730 3554 Vl.
749 3499 835 3556 484.
852 3491 889 3555 Β.
914 3496 978 3568 ait,
1004 3493 1137 3560 δυνατοὶ
1162 3483 1305 3580 φυλάξαι
1331 3485 1383 3550 νό-

220 3617 303 3684 μους
327 3613 359 3654 rs
385 3592 441 3653 καὶ
466 3585 703 3672 ἐπιτηδεύματα
725 3589 858 3658 πόλεων.
910 3589 1084 3676 Propterea
1101 3612 1203 3665 nuuc,
1229 3591 1262 3650 iu
1280 3585 1383 3682 altera

159 3747 165 3759 .
196 3757 199 3760 ,
222 3707 315 3783 parte
335 3687 474 3776 dialogi,
501 3691 639 3753 civitatis
658 3705 819 3772 rectoreS,
844 3688 878 3755 ut
901 3693 1000 3756 iidem
1022 3690 1210 3778 philosophi
1233 3689 1382 3767 evadant,

222 3799 290 3865 vult
304 3817 378 3860 esse
395 3793 535 3858 ueritatis
548 3805 712 3875 amantes,
736 3808 953 3883 temperantes
974 3810 1006 3862 et
1027 3797 1230 3876 moderatos,
1253 3796 1305 3881 qui
1327 3796 1383 3857 rui·

231 3984 513 4002 mm

244 4093 303 4159 Ji)
323 4088 390 4142 vid.
406 4086 459 4139 IV·
480 4104 508 4156 p.
526 4091 590 4146 4⁴⁵.
607 4090 642 4143 D.
668 4092 832 4162 ἐγγινομένου
849 4095 897 4164 ple
913 4093 963 4167 γὰρ
979 4090 1076 4164 trtpts
1091 4089 1147 4150 luia
1163 4092 1190 4146 lv
1207 4098 1263 4152 τοῖς
1280 4087 1384 4161 ἄρχουσι
1474 4113 1478 4122 ’

291 4177 460 4246 διαφέροντος
483 4177 601 4243 βασιλεία
617 4179 658 4248 κᾶν
681 4181 805 4247 κληθείη,
835 4180 956 4233 πλειόνων
979 4181 1008 4233 tt
1032 4177 1230 4250 ἀριστοκρατία.
1248 4205 1282 4220 -·
1303 4175 1383 4226 Ἰὀῡιό

291 4269 338 4332 μὴ’
357 4263 445 4314 ws'v’
468 4286 501 4302 ···
523 4259 550 4313 lv
573 4264 641 4322 εἶδος
664 4267 743 4334 λέγω·
767 4263 826 4320 οὔτε
848 4265 898 4336 γὰρ
920 4264 952 4318 ἂν
975 4268 1080 4322 ulricus
1098 4260 1158 4321 arist
1175 4267 1211 4323 stc
1228 4258 1385 4331 ἐγγενόμενοι

293 4347 414 4409 scripum
432 4344 465 4396 dr
480 4339 516 4398 'ut
526 4347 578 4398 τῶν
593 4344 667 4407 ἀξίων
684 4349 761 4420 λόγου
781 4351 867 4422 νόμων
885 4353 931 4420 τῆς
945 4351 1057 4418 adhuc,
1074 4349 1160 4422 τροφῇ
1176 4364 1206 4400 τι
1222 4349 1266 4400 uni
1283 4345 1384 4412 παιδείᾳ·

291 4429 461 4500 χρησάμενος,
484 4427 671 4504 tl'dulidopuu.
