3040 5014
119 895 299 1016 Quotquot
316 933 444 989 exstant
462 921 604 1016 virorum
630 921 817 1000 doctarum,
844 921 919 1010 quid
934 919 1064 992 Platoni
1083 926 1117 990 in
1133 931 1281 1017 πολιτείᾳ

116 1033 317 1120 propositum
341 1027 456 1105 luerit,
473 1027 705 1114 ¹quaerentium
723 1025 976 1111 disputationes,
1002 1025 1100 1108 illud,
1120 1033 1205 1116 quod
1227 1031 1282 1098 ci-

118 1155 192 1198 cero
215 1131 312 1196 Tusc.
337 1127 379 1194 ll.
407 1133 549 1211 11,2⁷.
574 1127 778 1214 paucissimis
802 1127 909 1194 verbis
933 1128 1145 1216 significavit:
1178 1135 1281 1201 Recte
1364 1177 1366 1188 ·

115 1244 221 1322 igit-ur
235 1259 257 1300 o
272 1233 407 1299 Plataea
419 1231 598 1296 educeretur
611 1231 753 1318 (poetae)
768 1253 786 1296 e
808 1239 959 1314 ciuitate,
984 1255 1075 1318 quum
1085 1235 1200 1318 firceit
1209 1241 1280 1320 ille,
1362 1263 1366 1270 ,

117 1361 187 1404 eum
208 1357 311 1403 morer
336 1341 526 1420 optineret
545 1343 693 1420 optimum
721 1335 921 1418 respublicae
941 1345 1059 1400 statum
1080 1347 1282 1424 exquireret,

118 1442 200 1508 mihi
221 1461 286 1504 non
306 1435 413 1500 miuus
432 1455 526 1520 quam
542 1433 739 1501 Schneidero
754 1436 893 1502 Praelat.
909 1436 951 1500 ad
965 1435 1046 1502 Plat.
1060 1441 1145 1504 civit.
1165 1463 1199 1525 p.
1219 1443 1281 1508 xl.

115 1556 250 1632 propter
276 1536 515 1622 simplicitatem
546 1550 578 1603 et
606 1535 858 1604 conuenientium
882 1561 953 1605 eum
975 1540 1047 1624 ipso
1069 1536 1184 1626 opere,
1215 1565 1281 1632 quo

117 1645 246 1711 ethicen
273 1640 446 1718 simul,'ut
470 1639 688 1706 Schneiderus
712 1641 775 1722 ait,
803 1661 841 1706 ac
857 1640 1008 1728 politicen
1023 1647 1200 1728 'perfectam
1222 1670 1284 1712 ex·

115 1747 222 1827 hibet,
253 1739 381 1811 ¹videtur
409 1743 592 1809 tenendum.
642 1742 673 1810 A
704 1765 768 1829 qua
795 1741 1002 1832 simplicitate
1021 1746 1203 1831 paullulum
1224 1752 1280 1816 dc·
1378 1766 1383 1774 ·

113 1851 276 1921 flexerunt
295 1869 353 1927 ca,
378 1867 459 1934 quae
473 1843 704 1938 Stallbaumius
723 1847 764 1912 de
778 1858 969 1932 argumento
982 1857 1016 1912 et
1029 1853 1163 1918 cornilio
1180 1853 1280 1918 lidro-

114 1976 186 2019 rum
208 1955 355 2019 Platonis
372 1955 430 2034 qut
447 1950 489 2014 dc
509 1948 679 2034 republica
694 1956 947 2033 iueucpu’runt,
967 1970 1000 2033 p.
1016 1949 1162 2018 XXVll.
1188 1952 1281 2020 XLI.

113 2054 207 2120 Llll.
229 2067 262 2120 et
282 2050 439 2119 LXXlV.
455 2050 653 2136 explicatius
668 2072 762 2138 quam
777 2050 942 2116 delinitius
962 2052 1105 2136 scripsit:
1139 2051 1280 2143 „ltaque

114 2160 246 2225 reiectis
265 2176 375 2220 corum
400 2155 587 2232 sententiis,
614 2155 668 2238 qui
689 2153 895 2238 praeeipuam
917 2157 1136 2238 quaestionem
1162 2173 1219 2224 aut
1238 2160 1280 2224 da

114 2261 240 2328 iustitia
262 2268 318 2323 aut
333 2254 373 2318 de
387 2251 554 2340 republica
568 2273 641 2322 esse
656 2269 867 2332 censuerunt,
889 2276 1050 2322 summum
1073 2261 1180 2342 operis
1202 2282 1280 2326 con·

116 2365 225 2430 silium
261 2363 296 2426 iu
324 2381 363 2424 eo
394 2357 611 2442 quaerendum
642 2354 851 2437 arbitramur,
883 2370 917 2424 ut
943 2359 1113 2422 uniuersae
1141 2363 1279 2443 virtutis,
1340 2407 1343 2412 -

114 2465 220 2554 qualis
232 2466 267 2528 iu
283 2463 371 2526 omui
386 2459 552 2526 hominum
566 2462 649 2540 vita,
661 2456 738 2528 'tum
754 2459 932 2525 domestica
945 2473 1009 2524 tum
1024 2459 1171 2546 publica,
1191 2471 1281 2531 cerni

113 2569 257 2648 debeat,
273 2568 382 2652 imago
399 2562 508 2650 aliqua
528 2576 728 2648 proponatur
748 2574 842 2649 atqua
864 2555 1008 2648 species,
1035 2565 1119 2628 unde
1144 2580 1211 2632 tum
1232 2571 1281 2635 vis
1314 2637 1317 2642 ,

114 2686 147 2738 et
167 2687 281 2735 natura
304 2668 429 2734 virtutis
451 2680 519 2730 tum
545 2665 615 2730 eius
636 2666 777 2752 dignitas
794 2678 826 2729 et
843 2668 1041 2750 praestantia
1054 2684 1280 2754 cognoscatur,

114 2773 273 2859 simulque
290 2780 463 2856 appareat,
488 2789 583 2853 quam
596 2789 770 2854 perversae
790 2769 855 2831 sint
870 2765 1087 2854 sophistarum
1102 2769 1142 2836 de
1156 2775 1281 2838 iustitia
1312 2765 1316 2768 ’
1430 2763 1439 2772 ’

115 2879 263 2962 omnique
285 2877 402 2938 virtute
425 2871 627 2955 opiniones·“
674 2864 756 2934 Cum
779 2867 841 2933 Vir
862 2867 905 2932 D.
925 2872 1082 2936 extremis
1103 2871 1153 2936 his
1171 2874 1280 2940 verbis
1417 2905 1419 2912 v

114 2980 330 3066 sophistarum
361 2974 606 3061 perversitatem
627 2990 886 3036 commemorans
915 2972 957 3036 ad
979 2975 1162 3056 proximam
1183 2977 1278 3042 huius

113 3083 235 3169 dialogi
251 3099 400 3145 caussam
417 3075 655 3154 descendisset,
678 3071 794 3139 vellem
817 3076 915 3139 etiam
943 3072 1075 3139 alteram
1098 3088 1130 3140 et
1151 3069 1293 3145 tertiam

114 3205 272 3262 caussam,
296 3204 359 3270 qua
371 3179 463 3246 Plato
479 3177 520 3243 ad
534 3177 618 3242 hauc
631 3176 757 3263 quidem
773 3177 978 3263 scriptionem
995 3191 1185 3264 moueretur,
1201 3181 1279 3248 huic

113 3287 187 3356 loco
211 3291 306 3374 (nam
328 3281 503 3352 aliislocis
519 3281 662 3345 eiusdem
679 3279 903 3364 disputationis
918 3281 997 3362 istus
1010 3304 1144 3367 caussas
1161 3306 1275 3350 ornnes

14 3387 19 3394 ⁸
113 3387 345 3456 Stallhaumius
365 3387 446 3450 scito
467 3383 639 3468 exposuit)
667 3382 856 3456 adiecisset,
882 3402 999 3466 pravas
1022 3385 1197 3448 eivitatium
1212 3389 1279 3450 fur·

47 3570 49 3578 ¹
114 3515 185 3561 maa
201 3489 366 3576 intelligo,
385 3486 532 3572 inprimis
547 3482 775 3562 Atheniensis,
793 3503 877 3567 quae
892 3495 961 3546 toto
977 3481 1062 3548 libro
1077 3483 1169 3552 Vlll.
1184 3491 1279 3554 casti·
1335 3535 1341 3540 -

58 3613 64 3619 ·
112 3610 248 3685 gauter,
265 3607 297 3658 et
310 3587 566 3680 philosophiam,
591 3605 673 3672 quae
696 3603 762 3649 non
778 3586 884 3648 miuus
906 3605 1002 3671 quam
1017 3588 1158 3654 iustitiae
1172 3591 1277 3679 digni·

112 3713 164 3764 tas
192 3697 233 3762 ab
261 3697 384 3762 invidia
407 3705 440 3759 et
461 3684 841 3770 contumeliasvidebatur
860 3685 1048 3767 liberanda,
1076 3690 1109 3753 in
1135 3715 1230 3779 quam
1245 3707 1279 3758 et
1323 3771 1330 3786 .

115 3824 226 3868 eorum
241 3799 353 3888 culpa,
376 3799 431 3885 qui
453 3790 634 3882 philosophi
655 3788 797 3862 solerent
816 3788 993 3875 appellari,
1018 3803 1051 3856 et
1066 3788 1204 3862 aliorum
1223 3818 1279 3860 ne-

115 3907 216 3991 quitia
242 3905 421 3978 incidisset,
449 3899 505 3985 qui
525 3893 567 3960 ad
588 3895 694 3958 insciti
722 3891 832 3977 populi
852 3890 1059 3958 voluntatem·
1073 3894 1193 3962 vellent
1215 3902 1278 3963 rei·

114 4006 267 4102 publicae
288 4000 597 4070 administrationem
618 3996 732 4061 referri
758 3994 842 4079 (vid.
855 3991 877 4057 l.
894 3990 955 4059 Vl.
971 4017 1003 4080 p,
1021 4001 1277 4086 487-497.).

113 4111 166 4178 De
191 4129 288 4175 verae
312 4121 417 4171 autem
441 4097 666 4189 philosophiae
682 4097 788 4161 studio
809 4097 941 4182 eiusque
960 4099 991 4161 vi
1007 4111 1040 4163 et
1054 4121 1114 4165 usu
1129 4104 1162 4166 iu
1178 4105 1280 4167 adrni-

115 4212 283 4280 uistrauda
298 4212 428 4275 civitate
445 4221 477 4272 et
492 4209 524 4270 in
538 4197 747 4268 emendandis
761 4195 904 4264 moribus
925 4213 961 4263 ut
980 4198 1071 4266 l'luto
1093 4218 1159 4269 tam
1178 4203 1279 4269 multa

115 4291 189 4397 iude
205 4339 223 4383 a
238 4313 261 4381 l.
270 4312 312 4381 V.
322 4337 351 4399 p.
361 4317 444 4378 471.
456 4306 501 4374 D.
514 4328 572 4394 per
586 4317 685 4369 totum
699 4301 768 4367 fere
783 4315 911 4368 sextum
928 4317 960 4368 et
971 4306 1144 4390 septimum
1160 4305 1278 4374 librum

115 4436 148 4486 et
164 4415 249 4502 ,lihri
272 4419 348 4484 noni
367 4425 493 4502 partem
516 4411 655 4486 dicaret,
681 4407 791 4494 iniqua
813 4409 877 4473 ista
898 4419 984 4472 sorte
1006 4407 1231 4498 philosophiae
1243 4434 1279 4478 rc
1375 4490 1382 4503 ἱ

972 4505 1050 4576 ll*
1145 4559 1178 4616 .'
