3040 5014
657 160 973 271 ..162-

238 391 340 454 cuisse
363 387 454 454 (locet
474 382 580 468 Sillig.
604 377 698 446 catal.
719 378 817 442 urtiff.
838 401 869 463 p.
888 381 978 454 238,
1001 377 1096 444 Demi
1113 379 1306 464 Pyrilampis
1321 376 1408 460 filii,

237 495 290 578 qui
312 491 394 556 vixit
415 487 543 571 Olymp.
568 483 713 548 LXXX.
735 495 767 546 et
783 503 889 565 seqq„
916 482 956 544 ud
980 481 1040 545 hoc
1062 480 1338 567 hominis-privati
1367 497 1409 546 et

71 565 73 579 .
115 679 118 686 Ι
178 637 183 650 ,
237 591 409 680 ignobilis,
443 586 722 652 statuumlecisse
749 594 889 646 nonest
916 581 1079 648 credibile.
1126 584 1238 670 ¹ltaque
1262 599 1408 648 nonest

224 694 367 768 ‘dubium
384 693 460 776 quin
476 689 562 754 uliud
577 687 651 774 quid
669 685 769 750 subsit
781 707 853 750 voc.
873 681 999 770 Δῆμος,
1018 690 1231 772 uerumque·ii
1247 687 1404 767 uiderint,

239 799 293 882 qui
312 781 505 858 Pausaniam
526 793 566 856 tle
591 786 706 875 Populi
728 789 840 852 statuis
862 785 951 872 loqui
977 789 1188 876 crediderunt.
1237 787 1404 872 Populum

238 899 278 962 ob
296 894 471 962 artificibus
483 895 632 978 imagine
656 901 932 974 repraesentatum
953 911 1025 954 esse
1042 911 1115 954 cum
1131 881 1242 976 perse
1257 913 1321 956 uon
1341 889 1406 954 ab·

176 1029 181 1035 ·
238 1000 368 1068 surdum
391 1010 424 1070 et
447 995 589 1088 alienum
613 1007 662 1058 est
686 1013 815 1056 amore
838 989 997 1077 sensuque
1024 1007 1167 1058 veterum
1191 991 1403 1073 Graecorum,

239 1116 307 1178 tum
323 1123 366 1164 ex
382 1098 465 1162 locis
480 1095 776 1162 stetimuffcreudis
792 1092 938 1158 elucebit.
980 1095 1100 1160 Verum
1119 1099 1151 1159 in
1167 1093 1228 1158 huc
1242 1118 1276 1160 re
1293 1095 1402 1160 ‹lisce-

218 1183 356 1289 ¹ptumla
378 1223 442 1264 non
466 1202 546 1266 sutis
568 1201 628 1263 viri
651 1197 739 1262 docti
759 1197 801 1262 ad
823 1192 968 1260 diversus
984 1198 1150 1278 notiones,
1176 1219 1258 1282 ques
1273 1200 1307 1262 iu
1324 1219 1399 1262 voc.

238 1307 341 1393 δῆμος
357 1307 573 1380 continentur,
595 1302 736 1364 animum
751 1299 896 1364 videntur
911 1299 1094 1364 attendisse.
1129 1297 1259 1364 Scilicet
1276 1299 1400 1384 triplex

238 1411 329 1474 inest.
345 1409 451 1470 notior
479 1401 582 1487 δῆμος
603 1417 653 1467 est
676 1415 732 1466 eut
753 1400 893 1486 populus
910 1402 978 1464 sive
992 1421 1094 1486 pegus
1111 1401 1254 1478 Atticae,
1279 1413 1333 1482 opt
1349 1415 1400 1466 to·

238 1524 289 1576 tus
305 1507 470 1594 aliquisne
486 1520 588 1570 certus
601 1503 760 1589 populus,
787 1517 843 1566 eut
863 1502 1004 1588 populus
1025 1507 1060 1568 iu
1075 1507 1273 1578 uui-versum.
1322 1503 1400 1577 Hoc

238 1627 388 1704 tunquam
404 1609 646 1672 luudemeutum
666 1619 801 1690 ponatur
817 1607 1025 1690 quaestionis,

310 1697 480 1776 *Atticum
501 1712 536 1772 in
561 1701 700 1794 δήμους,
732 1706 868 1790 populos
891 1709 960 1776 sive
981 1729 1104 1792 pagos,
1135 1707 1271 1772 divisum
1293 1710 1398 1774 fuisse

239 1819 321 1902 inter
336 1833 450 1878 omues
462 1821 605 1884 constot3
631 1810 671 1886 de
681 1830 751 1894 oua
765 1831 800 1872 re
816 1819 889 1892 pust
903 1807 1098 1885 Meursium,
1116 1809 1291 1894 sponium,
1315 1805 1396 1876 Cor-¹

240 1918 359 1979 sinium
387 1904 531 1978 accurate
554 1913 621 1997 egit
652 1908 689 1974 C.
710 1911 752 1974 L.
772 1908 957 1974 Grotefeud.
1007 1911 1053 1974 Hi
1075 1899 1146 1976 cum
1172 1923 1281 1976 esseut
1302 1916 1397 1997 quusi

240 2019 387 2084 civitates
417 2007 632 2092 incivitate,
662 2025 745 2077 certe
777 2010 986 2098 collegiorum
1019 2015 1142 2098 instar,
1178 2013 1396 2101 singularibus
1433 2084 1436 2088 ,

239 2117 383 2198 iuribus,
404 2119 519 2195 sacris,
545 2115 638 2206 bonis
655 2117 827 2194 instructis
842 2136 943 2199 aeque
961 2129 1055 2200 etque
1072 2119 1239 2183 universae
1257 2120 1397 2184 civitatis

61 2298 63 2306 ,
156 2285 177 2304 „
240 2241 351 2286 corum
367 2239 493 2306 quoque
507 2221 665 2304 imagines
680 2217 776 2290 cundi
787 2219 940 2300 *potuisse
954 2218 1051 2304 plone
1072 2240 1137 2285 uon
1153 2221 1302 2306 estquod
1325 2219 1397 2284 iufi-

240 2327 374 2400 tiemur‚
407 2339 510 2405 neque
534 2321 668 2406 cogitari
689 2321 812 2402 nequit,
844 2340 926 2403 quse
956 2322 1051 2385 fuerit
1079 2319 1190 2386 herum
1217 2323 1395 2409 imaginum

239 2426 322 2500 sntio
338 2420 607 2509 quique'hubitus
657 2412 777 2515 Finges
800 2422 907 2493 animo
930 2423 1090 2508 imagines
1111 2423 1279 2498 mulierum
1301 2437 1395 2510 utque

240 2527 380 2598 'virorum
402 2545 460 2587 suo
484 2543 643 2608 quamque
665 2525 757 2606 signo
778 2520 935 2604 peculiari
956 2527 1142 2609 insignitum
1177 2526 1302 2598 scilicet¹
1320 2549 1393 2592 cum

240 2647 308 2698 nou
323 2626 451 2717 fortuito
474 2627 658 2714 extitissent
675 2623 847 2706 ‹inproused
859 2635 914 2687 eut
930 2644 950 2686 n
968 2627 1029 2690 deo
1044 2638 1095 2702 eut
1108 2625 1149 2693 ub
1163 2628 1285 2712 inclyto
1295 2628 1394 2694 beroe

120 2733 124 2736 ’
166 2755 167 2758 “
240 2742 475 2819 nutugeuere
495 2739 677 2812 pervetusto
702 2738 756 2790 eut
778 2723 907 2790 aliunde
928 2730 1084 2814 originem
1114 2731 1301 2811 duxissent,
1328 2753 1394 2796 nou

240 2832 372 2896 deerunt
388 2829 503 2916 quibus
522 2829 784 2914 dignoscerentur
804 2829 960 2916 iusigniu3
990 2833 1096 2917 itaque
1113 2832 1340 2917 Apolloniates.
1352 2832 1393 2920 ub

239 2931 408 3016 Apolline,
445 2931 669 2994 Marathonios
693 2929 734 2992 ab
756 2928 853 2994 heroe
882 2929 1091 3012 Marathone,
1124 2933 1394 3008 Acharnensesu

238 3035 344 3118 pisce,
375 3031 596 3116 Alopcccnses
630 3053 651 3094 a
676 3030 787 3114 vulpe,
823 3027 1045 3107 'Rhanruusios
1077 3057 1097 3098 a
1127 3037 1275 3114 dumeto,
1312 3037 1392 3104 ulios

197 3203 202 3220 x
242 3133 375 3218 eliumle·
401 3135 544 3219 iusignia
570 3153 629 3196 suu
654 3132 873 3216 desumpsisse
902 3147 1150 3210 consentancum
1168 3153 1232 3204 est.
1281 3138 1391 3214 (liran-

241 3257 336 3322 qunm
358 3231 442 3298 mibi
456 3237 581 3320 quidem
601 3233 694 3298 locus
715 3246 857 3300 veterum
879 3238 1070 3321 scriptorum
1087 3261 1147 3323 quo
1164 3241 1296 3326 probem
1314 3242 1394 3306 illud

240 3337 346 3404 nullus
369 3359 405 3402 su
431 3343 521 3422 petit.
571 3334 666 3400 Certe
685 3358 746 3420 quo
763 3338 831 3400 iure
852 3335 915 3404 huc
936 3342 1071 3423 primum
1091 3340 1272 3410 Pausaniae
1284 3344 1393 3409 locum

201 3487 204 3498 ,
240 3441 386 3506 retulerit·
406 3361 553 3508 §tutemus
572 3437 595 3500 l.
618 3438 641 3499 l.
661 3445 692 3522 p;
709 3444 777 3517 40,
803 3443 856 3523 qui
873 3441 989 3524 populi
1010 3443 1138 3509 Piraeei
1154 3449 1326 3528 imaginem
1338 3446 1392 3512 ibi

241 3539 416 3624 significari
444 3539 633 3614 arbitretur,
669 3557 733 3599 non
764 3561 937 3624 essequor;
969 3563 1150 3626 quenquam
1176 3547 1263 3608 enim
1287 3555 1391 3611 statua

240 3641 301 3704 isto
322 3643 357 3702 in
378 3638 511 3702 Piraeeo
531 3638 636 3721 positu
661 3647 750 3713 erat,
785 3660 850 3702 uon
871 3645 977 3725 magis
993 3642 1039 3706 ¹de
1063 3643 1157 3708 huius
1176 3646 1263 3710 demi
1285 3657 1390 3714 status

206 3745 212 3754 “
242 3742 461 3826 cogitandum,
495 3759 590 3825 quem
615 3741 647 3802 in
664 3735 795 3822 reliquis
816 3739 899 3804 locis
926 3742 965 3806 de
987 3744 1185 3830 imaginibus
1205 3749 1291 3815 demi
1312 3753 1388 3830 eius,

174 3829 183 3840 ”
240 3843 272 3906 in
288 3845 376 3909 cuius
396 3840 514 3906 finibus
533 3855 624 3904 erunt
644 3842 781 3925 positae.
834 3840 940 3906 Multo
962 3846 1068 3913 miuus
1080 3851 1174 3914 etium
1190 3853 1268 3916 ferri
1287 3867 1388 3938 potest

106 3919 118 3929 ὀ
156 4033 162 4040 ἢ
240 3942 306 4008 elie
330 3939 667 4020 coniecture‘Stuurti‚
693 3944 746 4028 qui
760 3941 783 4005 l.
798 3941 821 4006 l.
835 3965 866 4028 p.
878 3946 938 4009 37.
960 3945 1096 4032 figuram
1112 3950 1193 4019 olim
1210 3957 1244 4018 iu
1258 3957 1385 4042 fastigio

239 4049 434 4112 mouumenti
449 4047 611 4130 choragici
632 4043 812 4126 Thrasylli,
834 4047 918 4130 quod
940 4044 1039 4114 situm
1053 4065 1102 4116 est
1121 4053 1181 4121 sub
1198 4055 1290 4122 muro
1304 4059 1382 4122 ercis
1476 4041 1477 4064 ³

194 4219 204 4242 1
238 4147 456 4228 meridionali,
470 4151 605 4233 positum
622 4168 659 4210 uc
677 4145 763 4230 pelle
779 4144 885 4210 leonis
901 4147 1065 4238 pallioque
1080 4155 1228 4222 muliebri
1242 4163 1383 4224 uestitum

239 4249 341 4336 (quoe
361 4253 464 4334 cupite
481 4266 513 4316 et
530 4248 668 4312 brachiis
687 4251 815 4334 privetu
833 4269 917 4314 nuno
939 4267 1119 4320 asservetur
1135 4261 1169 4322 iu
1191 4279 1302 4334 museo
1317 4257 1384 4324 Bri-

69 4375 71 4390 =
170 4375 177 4396 r
235 4352 385 4435 tennico)
409 4355 585 4440 imaginem
608 4371 684 4450 esse¹
705 4341 1135 4454 uultsutclemillecelcse‚
1154 4380 1275 4448 exque
1293 4374 1382 4430 uetus
