3056 4986
141 857 231 950 'Ab
258 821 484 966 admiratione,
512 891 629 973 quippe
657 903 738 974 quae
763 889 903 956 animum
926 903 957 956 et
980 877 1142 996 excitaret
1158 902 1190 954 et
1213 893 1314 952 inten-

162 989 268 1068 deret,
288 1003 435 1056 veteres
464 989 649 1074 p'bilosopbi
679 995 870 1078 cognitionis
905 973 1061 1078 originem
1091 973 1332 1078 repetiverunt

160 1082 374 1166 Αιιιιιιιιιιίοιιί
405 1107 507 1156 autem
542 1096 772 1158 cousuetudine
803 1092 886 1157 nihil
918 1110 968 1159 est
1003 1098 1162 1162 infestius.
1228 1090 1316 1156 Usus
1384 1087 1389 1096 ’

64 1193 66 1200 ’
162 1195 245 1259 enim
268 1195 440 1297 quaerendi
466 1197 555 1278 quasi
579 1195 725 1260 stimulos
744 1199 789 1260 ita
811 1194 975 1274 obtundit,
1006 1212 1040 1262 ut
1062 1187 1186 1265 animos
1212 1198 1323 1291 qumi-¹

160 1294 257 1356 diana
278 1293 358 1358 nihil
385 1310 551 1375 moneant,
578 1296 708 1360 insolita
730 1311 853 1362 tantum
878 1288 1065 1381 percellant.
1117 1297 1210 1364 Unde
1234 1318 1314 1381 quae

158 1399 273 1478 pueiis
282 1409 432 1481 tanquam
450 1399 633 1462 necessaria
650 1390 808 1462 inculcata
825 1415 914 1475 sunt,
939 1402 997 1462 iix
1020 1403 1078 1463 viu
1070 1399 1321 1484 'intelligimuse

158 1496 511 1578 Adeo-inveteratum,
539 1511 572 1562 ut
588 1501 680 1583 quasi
706 1522 725 1563 a
749 1513 860 1564 natura
881 1503 991 1588 innata
1006 1523 1063 1586 per
1078 1523 1112 1564 se
1134 1489 1314 1584 paterepu·
1356 1573 1357 1580 p

159 1611 272 1660 tentor,
327 1595 504 1684 Quorum
495 1621 527 1662 ιιι
550 1621 699 1664 nurnero
706 1611 801 1710 quum
833 1601 1003 1664 nonnullas
1034 1625 1074 1666 ex
1105 1603 1319 1700 grammatica!
1391 1637 1393 1643 ·

61 1779 64 1784 ἱ
158 1702 306 1764 notiones
324 1699 528 1766 collocandas
552 1723 625 1766 esso
650 1703 855 1783 censeamus,
881 1715 964 1768 nune
988 1705 1127 1789 quidem
1141 1704 1339 1780 aecusativi‘

157 1823 273 1865 nomen
290 1791 508 1887 ibquirendum
533 1806 748 1888 proponimus

209 1903 385 1988 Reliqui
409 1927 504 1968 oasus
527 1907 601 1968 dum
625 1905 963 1990 exreappellantur,
998 1910 1171 1973 aoorrsntiri
1195 1901 1311 1980 nomen
1380 1971 1387 1976 ,
1430 1911 1436 1920 “

131 1999 256 2070 'lautis
281 2009 438 2118 angustiis
461 2008 630 2090 premitur,
665 2023 713 2082 ut,
741 2009 848 2092 quidni
872 2010 1050 2092 aquatis
1042 2008 1106 2071 alio
1125 2005 1314 2080 transeundi

87 2177 92 2185 .
156 2105 255 2170 verbo
279 2091 414 2172 tractum
442 2113 502 2187 sit,
527 2131 591 2172 uon
611 2123 731 2173 temera
752 2111 888 2172 iniretis.
917 2107 1013 2194 Quo
1032 2113 1116 2174 anim
1135 2111 1312 2192 inreaoeu·

155 2191 248 2272 sandi
266 2211 354 2272 notio
379 2221 523 2292 quartum
549 2229 659 2272 casum
682 2224 831 2293 tanquam
855 2232 946 2274 suurn
975 2214 1160 2294 occupavit,
1196 2189 1309 2276 eodem

153 2333 192 2393 pr
196 2309 300 2374 oleato
323 2323 369 2372 tot
382 2311 449 2374 fere
467 2309 530 2372 sibi
548 2311 708 2375 vindicare
722 2323 872 2394 possunt,
898 2323 974 2396 quot
988 2314 1105 2396 agendi
1119 2307 1309 2394 potestatem

155 2410 275 2474 habent
295 2411 336 2476 ad
359 2426 411 2476 res
434 2415 658 2495 pertinentem.
709 2412 891 2477 Accusativi
915 2415 963 2476 vis
979 2412 1054 2476 dum
1068 2407 1225 2478 latissime
1242 2433 1311 2524 rna-¹

153 2529 224 2593 nat,
251 2516 377 2578 nomine
395 2515 522 2600 quidem
537 2536 595 2578 suo
613 2517 791 2580 arctissima
806 2505 944 2600 cogitur.
978 2513 1041 2589 Qui
1059 2514 1187 2579 casibus
1202 2511 1311 2601 grssam

154 2619 280 2680 matiois
304 2639 421 2681 nomeu
441 2615 624 2696 finxerunt,
657 2638 766 2680 eorum
792 2618 842 2678 in
848 2620 963 2680 ceteris
983 2614 1094 2710 iudicii
1113 2616 1307 2701 elegantiam

128 2731 185 2781 'et
215 2717 425 2784 subtilitatem
450 2727 630 2803 agnosces,
660 2723 694 2784 in
726 2721 908 2782 accusativo
940 2740 1072 2802 prorsus
1093 2705 1314 2806 desiderabis

151 2821 269 2910 Errant
290 2821 392 2894 enirn,
418 2822 471 2905 qni
489 2821 646 2882 eiusmodi
663 2818 823 2902 exemplis
849 2821 932 2884 ducti
953 2823 1091 2894 nomina¹
1098 2821 1306 2904 grammatica

151 2919 231 2996 nihil
255 2923 317 2984 nisi
331 2943 454 3001 meros,
480 2943 561 3005 quos
577 2933 711 3006 vocant,
743 2922 895 2984 terminos
916 2921 1079 2986 teobnieos
1103 2941 1175 2982 esse
1196 2919 1306 2982 solue·
1330 2964 1334 2970 ι

150 3035 241 3103 runt,
267 3035 418 3108 tanquam
446 3024 540 3109 signa
563 3024 704 3096 adscita,
739 3045 802 3086 non
823 3022 882 3086 illa
907 3024 1032 3107 quidem
1056 3045 1100 3086 ex.
1121 3025 1168 3085 rei
1192 3037 1342 3115 natura
1416 3109 1418 3113 Ι

150 3127 332 3210 depromta,
359 3128 415 3190 aed
434 3128 637 3190 extrinsecus
651 3123 748 3188 rebus
768 3127 931 3210 imposita.
981 3123 1063 3188 Sunt
1083 3125 1210 3217 quidem
1237 3123 1303 3201 alii,
1329 3127 1337 3145 '

149 3231 201 3312 qui
226 3226 321 3290 verba
342 3241 492 3313 tanquam
516 3247 629 3292 numos
656 3226 764 3290 valere
785 3225 1000 3305 arbitrentur,
1030 3242 1079 3304 ιιι,
1111 3229 1186 3288 dum
1207 3218 1257 3316 ιιι
1270 3228 1302 3287 in
1329 3209 1331 3219 ¹

61 3380 65 3387 .
147 3333 233 3392 vitae
252 3332 441 3393 commercio
457 3340 664 3401 recusantur,
691 3329 765 3412 quid
782 3349 838 3410 per
856 3349 891 3390 se
908 3327 1051 3406 valeant,
1072 3305 1148 3389 nibil
1166 3318 1301 3388 intersit.

148 3430 211 3494 Sed
238 3449 308 3492 oum
332 3428 401 3508 his,
431 3431 582 3513 quoniam
605 3449 731 3492 omnem
758 3426 928 3492 vorborum
953 3423 1118 3490 scientiam
1146 3439 1301 3510 evertunt,

149 3555 211 3597 non
229 3532 374 3616 estquod
390 3521 580 3618 pugnemus.
651 3571 652 3574 =

248 3635 432 3698 Accusativi
463 3655 579 3696 nornen
611 3635 785 3730 antiquitus
820 3633 969 3696 traditum
1005 3641 1065 3694 ost.
1112 3628 1180 3696 lam
1215 3629 1298 3690 enim

64 3737 67 3744 ’
148 3736 253 3800 Varro
279 3736 308 3797 ιι.
323 3737 400 3822 ling.
423 3735 480 3801 lat
495 3734 569 3799 Vll.
592 3739 651 3799 37.
674 3757 779 3798 casum
805 3735 973 3802 accusandi
997 3729 1148 3816 appellat.
1198 3717 1300 3807 Aoed-

150 3839 283 3902 sativum
300 3851 451 3923 tanquam
470 3859 538 3900 rem
557 3848 666 3900 notam
683 3837 776 3898 affert
796 3833 1013 3908 Quintilianus
1035 3835 1110 3896 inst
1130 3844 1208 3894 orat.
1224 3826 1299 3917 llll.
1312 3881 1317 3888 .

51 3949 61 3958 ‘
104 4015 107 4025 y
152 3946 183 4003 9.
206 3939 423 4030 amphiboliae
444 3959 564 4026 genera
593 3957 801 4022 percenseas·
843 3938 1054 4014 ,‚Acoueattor'
1080 3935 1298 4020 geminatione

148 4040 232 4104 faeta
248 4039 443 4138 amphibolia
458 4039 593 4102 solvitur
613 4037 771 4101 ablativo.
807 4052 841 4113 ut
863 4037 962 4115 illud,
995 4034 1170 4100 Lauhetem
1192 4037 1300 4098 audiui

148 4143 346 4228 percussisse
368 4135 542 4216 Demeam,
576 4139 650 4219 fiat,
688 4161 707 4202 a
729 4139 870 4202 Lachete
896 4159 1077 4222 percussum
1105 4137 1273 4200 Demeam.
1277 4143 1299 4177 ‘⁶

148 4243 290 4309 Isidorus
307 4242 435 4328 (origin.
449 4241 473 4304 ι.
491 4237 537 4334 6.)
550 4241 640 4306 vocis
656 4230 946 4326 interpretationem
966 4243 999 4304 in
1017 4239 1171 4322 expedito
1186 4235 1297 4339 habet3

152 4347 195 4409 ait
216 4348 319 4424 enim,
353 4347 593 4426 ‚accusativum
626 4343 777 4432 quiaper
808 4365 879 4408 eum
907 4341 1297 4436 aliquem-accusamusss
1365 4427 1367 4433 Α
1420 4373 1423 4378 ·
