3056 4986
574 137 956 281 -129-ss

149 417 248 480 quum
275 398 307 461 in
331 397 496 466 iudicium
510 399 666 474 adductos
680 381 792 489 paucis
809 405 982 473 admodum
998 413 1165 478 sententiis
1179 410 1307 478 ahsolu-

82 555 86 566 ι
147 567 431 584 m

217 663 372 724 aratinus),
388 661 432 710 sal
448 658 499 729 peip
516 661 612 718 ἐκεῖνος
628 660 676 712 τοῦ
689 661 765 728 γελᾶν
779 663 858 735 χάριν
874 667 934 724 τοὺς
948 665 1021 734 lypis
1037 668 1148 726 ἑστῶτας
1167 673 1258 725 fruare
1275 675 1308 744 τῇ
1333 737 1340 746 ι

197 745 352 813 βακτηρίᾳ.
387 744 427 796 11).
450 741 680 814 ὃΣιμέρμνων
703 745 795 804 Gloss.
816 747 895 802 Cant.
916 751 941 806 3.
967 753 1143 826 Eqptfppoom
1162 775 1202 814 me
1223 757 1309 828 ἕτερος

217 826 329 894 κωμικὸς
347 831 373 880 fr
389 845 442 882 τινι
460 827 541 882 αὐτοῦ
560 831 673 899 δράματι
689 833 768 899 εἰσῇξε
782 835 925 904 πρεσβύτην
942 837 1000 890 τινὰ
1018 843 1161 908 βακτηρίαν
1180 843 1308 910 κρατοῦν-

215 931 251 963 co
269 935 294 964 κ.
315 933 338 968 τ.
364 917 386 966 l.
420 913 514 970 Schol.
540 915 619 969 Cant.
645 913 675 967 3.
710 915 804 985 Igitur
825 935 877 988 pro
899 927 977 977 certo
1000 925 1151 989 sumimus,
1182 929 1316 993 primum.

143 1054 148 1060 .
215 1013 315 1049 versus
336 999 577 1074 ota-536.ljeu
599 1002 689 1071 πρῶτον
710 1007 760 1071 μὲν
783 1033 816 1044 -
840 999 901 1060 alte
924 1005 1032 1076 κόρδαχ’
1047 1009 1174 1074 εἵλκυσεν,
1202 1011 1306 1064 deinde

145 1121 147 1127 ,
216 1085 302 1136 etiam
324 1099 423 1136 versus
448 1087 545 1138 sat-
560 1089 620 1139 540.
654 1083 884 1159 odddmprofldcqe
910 1121 942 1130 -
960 1085 1025 1143 οὐδ’
1042 1091 1085 1144 ἰοὺ
1110 1092 1152 1146 ἰοὺ
1174 1097 1226 1163 βοᾷ
1246 1103 1323 1148 tam'

156 1191 158 1198 ·
215 1174 298 1222 arcto
313 1170 390 1230 inter
407 1186 438 1222 se
455 1173 568 1225 vinculo
587 1171 759 1236 cohaerere,
777 1180 810 1224 ut
826 1175 860 1226 ad
881 1175 967 1228 alium
986 1183 1097 1245 poetam
1117 1182 1196 1247 prior
1214 1183 1306 1242 loeus,

215 1255 252 1306 ad
273 1255 361 1306 alium
384 1255 528 1324 posterior
550 1257 654 1310 referri
678 1257 790 1310 debeat.
823 1262 910 1328 Atqui
929 1279 944 1313 c
966 1266 1091 1314 vetustis
1110 1265 1228 1317 scholiis
1246 1282 1306 1318 cer-

151 1387 162 1409 „
215 1343 325 1392 tissime
342 1347 475 1408 apparet,
499 1345 608 1396 alteros
629 1343 729 1396 horum
748 1358 880 1394 versuum
901 1346 936 1396 ad
959 1347 1108 1414 Eupolidis
1128 1352 1307 1403 comoediam
1397 1403 1398 1406 ,
1496 1353 1498 1357 ’

146 1465 149 1472 .
214 1425 385 1494 Prospaltii,
405 1428 513 1479 alteros
529 1413 596 1480 vero
613 1426 649 1478 ad
668 1427 855 1496 Hermippum
872 1431 991 1499 eiusque
1009 1439 1136 1486 actorem
1152 1438 1308 1502 primarum
1405 1501 1409 1508 ¹

216 1511 419 1565 Sinrermonem
438 1519 578 1582 spectare.
612 1513 764 1581 Reliquum
783 1520 842 1578 est,
870 1521 902 1566 ut
922 1500 1054 1580 doceam,
1075 1520 1221 1587 inpriore
1241 1523 1305 1576 loeo
1402 1506 1406 1514 ¹

214 1595 353 1666 Eupolin‚
372 1599 561 1668 Hermippum
580 1604 674 1650 autem
689 1599 718 1649 in
737 1601 899 1666 posteriorc
916 1607 1045 1652 notatum
1063 1601 1134 1655 e'sse.
1159 1604 1306 1674 Principio
1334 1625 1335 1630 ¹

142 1715 146 1722 ·
186 1681 418 1752 ,Aristophanes
438 1684 571 1752 Eupolidi
589 1689 688 1753 aperte
707 1685 810 1735 iratior
828 1691 885 1748 est,
906 1702 990 1755 quam
1010 1689 1179 1757 Hermippo.
1210 1677 1306 1753 Quare
1374 1699 1376 1705 ’

214 1769 293 1820 infra
310 1771 408 1822 etiarn·
421 1787 446 1823 r.
463 1769 521 1826 549.
545 1771 606 1823 553.
630 1771 730 1822 eodem
754 1771 839 1823 uteris
861 1772 961 1824 ordine
980 1774 1017 1824 ab
1034 1775 1175 1842 Eupolide
1200 1780 1307 1829 transit

137 1873 142 1880 ·
213 1854 250 1906 ad
268 1855 470 1924 Hermippum,
490 1870 545 1906 non
561 1862 669 1907 contra.
706 1857 770 1908 Huc
788 1858 911 1922 accedit,
934 1860 1009 1929 quod
1027 1859 1144 1928 Eupolis
1162 1863 1318 1922 etcalros,
1401 1902 1406 1908 .

213 1941 307 1992 irrisit
324 1943 353 1993 in
370 1942 472 2009 Baptis
492 1941 537 1992 01.
559 1940 602 2004 01,
622 1944 644 1996 l.
665 1940 755 2005 datis,
774 1940 908 1994 fortassis
927 1945 1013 1994 etiam
1028 1948 1057 1996 in
1073 1948 1169 2013 priore
1184 1947 1307 2014 quodam

214 2025 360 2088 dramate,
390 2033 419 2077 et
443 2026 520 2077 idem
539 2026 568 2075 in
592 2025 751 2078 Marioante
771 2025 814 2078 01,
836 2027 878 2090 80,
899 2031 926 2081 4.
952 2030 1099 2082 cordacem
1121 2031 1306 2084 saltationem
1386 2059 1388 2073 ·

128 2120 131 2134 s
213 2111 335 2165 induxit.
370 2111 523 2178 Aliquanto
546 2111 660 2176 gravius
688 2115 748 2175 est,
778 2113 854 2179 quod
873 2111 1046 2168 scholiastae
1067 2131 1129 2168 oum
1148 2115 1305 2186 Hermippo
1340 2116 1343 2121 ’

212 2191 382 2245 histrionem
402 2196 464 2245 eius
477 2193 684 2245 Sinrernronem
701 2197 883 2261 coniungunt.
917 2199 949 2248 ld
968 2215 1036 2253 vero
1057 2203 1091 2252 ad
1111 2202 1192 2252 illum
1211 2203 1306 2254 locum

214 2272 274 2330 otte
288 2278 432 2348 npeofldrqr
453 2276 466 2328 ὁ
487 2281 565 2348 λέγων
577 2278 646 2342 τᾶπη
663 2281 824 2330 successario
846 2283 988 2347 pertinet3
1008 2286 1119 2352 reliqua
1138 2287 1213 2336 enim
1233 2287 1306 2340 nihil

178 2391 180 2400 κ
214 2365 341 2416 attinent
357 2365 393 2416 ad
412 2363 589 2420 histrionem.
625 2364 765 2426 Quocirca
788 2381 885 2417 versus
907 2367 969 2421 534.
992 2369 1054 2421 535.
1074 2371 1110 2420 ad
1128 2369 1306 2439 Prospaltitts

112 2467 119 2484 ν
213 2449 364 2518 Eupolidis
387 2449 517 2505 revocari
542 2449 656 2500 debent.
690 2450 722 2500 ln
745 2449 790 2502 his
813 2465 872 2508 non,
890 2452 1038 2506 dubitarat
1064 2461 1151 2523 poeta
1171 2457 1206 2506 ad
1227 2457 1304 2525 phal-

213 2538 273 2588 lum
306 2539 365 2588 sire
388 2551 489 2604 penem
519 2537 678 2588 coriaceunr
702 2537 872 2606 confugere,
911 2541 992 2591 cuius
1016 2539 1150 2608 adspectu
1175 2541 1304 2596 homines
1371 2559 1372 2564 ¹

213 2622 444 2675 adolescentulos
470 2621 638 2674 oblectaret.
670 2621 813 2691 Deinceps
834 2641 860 2674 r.
885 2623 944 2676 536.
967 2625 1042 2676 aliae
1060 2626 1188 2677 eiusdem
1210 2627 1304 2696 Eupo·
1340 2635 1346 2650 ¹

212 2709 280 2761 lidis
296 2708 410 2759 fabulae
429 2707 684 2773 reprehenduntur.
708 2708 766 2758 lam
785 2724 856 2760 noro
873 2710 951 2761 velut
967 2710 1051 2759 initio
1064 2716 1157 2761 sunrto
1175 2714 1304 2779 carpitur

211 2793 395 2860 Hermippus.
433 2791 562 2859 Namque
593 2793 638 2843 hic
668 2809 781 2858 senem,
814 2809 898 2861 quem
922 2793 1061 2844 Simermo
1089 2795 1165 2845 forte
1189 2799 1301 2862 agebat,

210 2881 338 2946 scipione
362 2876 509 2928 adstantes
532 2882 682 2943 percutere
700 2877 840 2940 iusserat,
865 2892 920 2946 quo
938 2877 1041 2946 melius
1063 2891 1079 2927 a
1096 2877 1210 2946 frigidis
1229 2883 1302 2933 iocis

208 2963 310 3032 populi
333 2961 457 3014 antarum
484 2965 636 3014 averteret.
679 2961 753 3023 Quid
778 2961 853 3030 quod
877 2961 955 3014 idem
984 2961 1099 3032 Hermo·
1119 2963 1213 3039 dictus
1232 2981 1302 3026 esse

209 3049 322 3102 videtur
345 3063 363 3098 a
386 3045 503 3098 Polluce
527 3045 576 3108 lv,
603 3048 644 3098 88.
660 3044 762 3116 Ἕρμων
786 3042 818 3113 ἦν
840 3047 976 3114 κωμῳδίας
998 3047 1164 3116 ὑποκριτής,
1189 3053 1301 3119 quaudo

207 3133 281 3187 nihil
299 3137 376 3192 inter
399 3150 429 3186 se
448 3133 613 3200 discrepant
627 3129 729 3200 Ἕρμων
751 3137 836 3199 atquc
857 3135 1010 3202 Σιμίρμων,
1039 3136 1140 3186 sireis
1158 3142 1203 3186 est
1223 3134 1300 3206 σιμὸς

204 3219 321 3290 Ἕρμων,
339 3223 399 3272 sive
418 3220 513 3287 potius
529 3222 619 3287 Σίμων
634 3217 752 3286 Ἕρμων,
776 3218 883 3284 duplici
902 3221 1014 3270 nomine
1035 3226 1153 3286 propter
1171 3221 1300 3289 adoptio-

209 3321 273 3356 nem
291 3304 431 3365 conllato,
462 3311 494 3354 ut
516 3303 591 3370 apud
614 3318 666 3354 nos
686 3299 957 3378 Krrtger-Hannoen
981 3305 1095 3354 similia.
1130 3307 1203 3356 Tum
1226 3309 1299 3378 duae

118 3393 140 3424 Ψ
209 3402 354 3457 personae.
372 3385 473 3440 senum
496 3391 525 3438 in
553 3401 624 3436 nova
648 3386 797 3436 comoedia
819 3401 921 3436 nonren
945 3385 1253 3456 habebant‘ssppdmroc
1271 3397 1300 3440 et

139 3509 144 3516 -
201 3470 357 3546 Ἕρμωνεως
377 3472 494 3544 δεύτερος
515 3470 637 3538 (Pollux
654 3469 703 3532 lV,
725 3471 818 3537 143),
838 3472 971 3523 fortassis
989 3473 1023 3524 ab
1036 3472 1093 3525 hoc
1112 3474 1174 3558 {pso
1195 3472 1299 3527 Simor-

205 3575 305 3624 mone,
338 3562 387 3630 qui
406 3559 521 3611 ridetur
543 3573 626 3610 senes
648 3557 794 3625 praeclare
820 3559 931 3625 egisse,
957 3559 1044 3609 sicuti
1069 3559 1151 3627 apud
1167 3559 1299 3629 Hermip-

94 3659 100 3672 ·
138 3681 140 3686 -
207 3631 289 3715 pum3
315 3661 407 3716 neque
432 3646 507 3696 eninr
536 3649 568 3696 ut
592 3650 693 3712 poeta,
726 3645 768 3694 sic
794 3645 881 3695 etiam
905 3650 987 3695 actor
1012 3645 1075 3695 eius
1094 3644 1233 3696 Sinrermo
1252 3645 1299 3698 hic

205 3731 392 3800 vituperatur.
421 3733 460 3782 Ac
477 3745 590 3782 versum
610 3731 675 3782 553.
688 3729 865 3798 comparanti
885 3744 940 3779 nou
958 3729 1016 3779 alia
1034 3731 1129 3796 potius
1149 3730 1298 3800 Hermippi

205 3817 351 3868 comoedia
371 3817 514 3869 videbitur
533 3816 722 3883 intelligenda
739 3832 818 3875 esse,
843 3830 927 3882 quam
953 3814 1151 3881 hrtopolides3
1183 3815 1298 3868 tametsi

205 3899 260 3953 hoc
282 3889 423 3954 incertum
449 3907 503 3955 ost.
536 3899 594 3952 Sed
622 3914 806 3968 quaecunque
830 3898 882 3948 illa
903 3899 1015 3950 denium
1032 3900 1180 3950 comoedia
1196 3899 1294 3961 fuerit,

205 3993 255 4037 aut
274 3987 308 4038 ad
328 3987 462 4051 eandem,
485 3992 536 4050 aut
555 3985 591 4036 ad
616 3985 702 4036 aliam
720 3985 872 4051 Hermippi
890 3983 1015 4035 fabulam
1034 3999 1133 4036 versus
1151 3985 1213 4044 530.
1232 4001 1296 4054 per·
1350 4021 1353 4035 .

206 4074 293 4134 tinet,
319 4071 377 4125 otid’
392 4075 473 4142 εἰσῇξε
492 4072 575 4138 δᾷδας
596 4066 701 4135 ἔχοιμ’,
725 4065 783 4121 οὐδ’
801 4069 842 4122 lori
866 4067 907 4121 rot
929 4069 992 4135 flod:
1024 4083 1183 4138 quanquam
1204 4087 1295 4139 noque

177 4151 252 4208 'hio
272 4155 394 4207 dramati
417 4157 522 4219 eidem,
554 4172 643 4226 neque
667 4171 693 4206 r.
719 4154 972 4227 5362Prospaltiis
996 4155 1107 4207 ridetur
1126 4155 1295 4208 tribuendus
1344 4187 1348 4196 ·

204 4258 278 4297 esse.
311 4241 384 4292 Utut
402 4248 465 4304 est,
492 4243 602 4295 tautum
620 4232 771 4302 nranifesto
790 4244 925 4309 apparet,
958 4247 987 4293 et
1005 4239 1182 4306 Prospettros
1202 4241 1293 4306 Eupo-
1328 4258 1330 4263 ’

141 4369 145 4382 .
200 4330 270 4381 lidis
294 4334 325 4381 et
346 4327 497 4395 Hermippi
519 4330 701 4398 hrtopolides
726 4329 824 4396 paullo
852 4333 918 4384 ante
943 4325 1041 4378 Nubes
1066 4324 1102 4374 ll.
1130 4325 1155 4376 h.
1175 4342 1200 4378 e.
1227 4332 1296 4391 ante¹

202 4413 248 4468 01.
265 4415 312 4484 80,
330 4416 359 4472 4,
375 4413 424 4468 rel
440 4412 484 4476 tto,
506 4415 528 4465 l.
546 4415 576 4466 in
592 4427 706 4470 scenam
724 4415 878 4486 productas
896 4427 969 4469 esse.
1002 4411 1040 4464 Et
1057 4411 1189 4480 quoniam
1206 4409 1293 4462 iidem

838 4504 1020 4573 ‚9'

1210 4555 1217 4564 x
1269 4537 1279 4550 ι

1185 4575 1210 4614 fl
1287 4597 1290 4604 .
