<?xml version="1.0" encoding="UTF-8"?>
<!DOCTYPE html PUBLIC "-//W3C//DTD XHTML 1.0 Transitional//EN"
    "http://www.w3.org/TR/xhtml1/DTD/xhtml1-transitional.dtd">
<html xmlns="http://www.w3.org/1999/xhtml" xml:lang="en" lang="en">
 <head>
  <title>
</title>
<meta http-equiv="Content-Type" content="text/html;charset=utf-8" />
  <meta name='ocr-system' content='tesseract 3.04.00' />
  <meta name='ocr-capabilities' content='ocr_page ocr_carea ocr_par ocr_line ocrx_word'/>
</head>
<body>
  <div class='ocr_page' id='page_1' title='image "actasocietatisg02funkgoog_0250.png"; bbox 0 0 3040 5014; ppageno 0'>
   <div class='ocr_carea' id='block_1_1' title="bbox 459 125 946 264">
    <p class='ocr_par' dir='ltr' id='par_1_1' title="bbox 459 125 946 264">
     <span class='ocr_line' id='line_1_1' title="bbox 459 125 946 264; baseline -0.002 -19"><span class='ocrx_word' id='word_1_1' title='bbox 459 125 946 264; x_wconf 46' lang='grc' dir='ltr'><strong>,Ψ-αιο,</strong></span> 
     </span>
    </p>
   </div>
   <div class='ocr_carea' id='block_1_2' title="bbox 209 346 1389 558">
    <p class='ocr_par' dir='ltr' id='par_1_2' title="bbox 209 346 1389 558">
     <span class='ocr_line' id='line_1_2' title="bbox 210 346 1389 464; baseline -0.001 -25"><span class='ocrx_word' id='word_1_2' title='bbox 210 373 402 464; x_wconf 67' lang='lat' dir='ltr'><strong>renuntiem</strong></span> <span class='ocrx_word' id='word_1_3' title='bbox 424 367 618 456; x_wconf 82' lang='lat' dir='ltr'><strong>perscrutari</strong></span> <span class='ocrx_word' id='word_1_4' title='bbox 641 377 673 434; x_wconf 86' lang='lat' dir='ltr'><strong>et</strong></span> <span class='ocrx_word' id='word_1_5' title='bbox 696 388 741 432; x_wconf 78' lang='lat' dir='ltr'><strong>ex</strong></span> <span class='ocrx_word' id='word_1_6' title='bbox 766 346 897 454; x_wconf 73' lang='lat' dir='ltr'><strong>cunque</strong></span> <span class='ocrx_word' id='word_1_7' title='bbox 910 365 969 436; x_wconf 86' lang='lat' dir='ltr'><strong>illu</strong></span> <span class='ocrx_word' id='word_1_8' title='bbox 986 370 1176 455; x_wconf 71' lang='lat' dir='ltr'>quaestione</span> <span class='ocrx_word' id='word_1_9' title='bbox 1190 368 1232 436; x_wconf 86' lang='lat' dir='ltr'><strong>ud</strong></span> <span class='ocrx_word' id='word_1_10' title='bbox 1247 372 1389 455; x_wconf 80' lang='lat' dir='ltr'><strong>paucis·</strong></span> 
     </span>
     <span class='ocr_line' id='line_1_3' title="bbox 209 472 1384 558; baseline -0.002 -18"><span class='ocrx_word' id='word_1_11' title='bbox 209 477 292 540; x_wconf 82' lang='lat' dir='ltr'><strong>sium</strong></span> <span class='ocrx_word' id='word_1_12' title='bbox 312 473 411 540; x_wconf 82' lang='lat' dir='ltr'><strong>verba</strong></span> <span class='ocrx_word' id='word_1_13' title='bbox 436 491 589 540; x_wconf 85' lang='lat' dir='ltr'><strong>revocare</strong></span> <span class='ocrx_word' id='word_1_14' title='bbox 609 473 739 556; x_wconf 85' lang='lat' dir='ltr'><strong>cupias,</strong></span> <span class='ocrx_word' id='word_1_15' title='bbox 778 472 927 558; x_wconf 77' lang='lat' dir='ltr'>equidem</span> <span class='ocrx_word' id='word_1_16' title='bbox 958 473 1114 554; x_wconf 82' lang='lat' dir='ltr'><strong>dixerim,</strong></span> <span class='ocrx_word' id='word_1_17' title='bbox 1147 472 1317 540; x_wconf 84' lang='lat' dir='ltr'><strong>Platonem</strong></span> <span class='ocrx_word' id='word_1_18' title='bbox 1340 477 1384 538; x_wconf 86' lang='lat' dir='ltr'><strong>iu</strong></span> 
     </span>
    </p>
   </div>
   <div class='ocr_carea' id='block_1_3' title="bbox 209 571 1504 870">
    <p class='ocr_par' dir='ltr' id='par_1_3' title="bbox 209 571 1504 870">
     <span class='ocr_line' id='line_1_4' title="bbox 209 571 1504 680; baseline -0.004 -34"><span class='ocrx_word' id='word_1_19' title='bbox 209 577 357 664; x_wconf 72' lang='grc' dir='ltr'><strong>πολιτεία</strong></span> <span class='ocrx_word' id='word_1_20' title='bbox 379 573 506 642; x_wconf 86' lang='lat' dir='ltr'><strong>efficere</strong></span> <span class='ocrx_word' id='word_1_21' title='bbox 526 571 628 640; x_wconf 80' lang='lat' dir='ltr'><strong>vello:</strong></span> <span class='ocrx_word' id='word_1_22' title='bbox 668 575 825 660; x_wconf 73' lang='lat' dir='ltr'><strong>Optimum</strong></span> <span class='ocrx_word' id='word_1_23' title='bbox 836 575 1130 662; x_wconf 53' lang='lat' dir='ltr'><strong>felicissimumque</strong></span> <span class='ocrx_word' id='word_1_24' title='bbox 1146 586 1182 643; x_wconf 79' lang='lat' dir='ltr'><strong>et</strong></span> <span class='ocrx_word' id='word_1_25' title='bbox 1193 577 1328 644; x_wconf 62' lang='lat' dir='ltr'><strong>demessi</strong></span> <span class='ocrx_word' id='word_1_26' title='bbox 1343 587 1386 644; x_wconf 83' lang='lat' dir='ltr'><strong>et</strong></span> <span class='ocrx_word' id='word_1_27' title='bbox 1503 621 1504 680; x_wconf 16' lang='grc' dir='ltr'>ᾗ</span> 
     </span>
     <span class='ocr_line' id='line_1_5' title="bbox 209 679 1504 780; baseline -0.004 -32"><span class='ocrx_word' id='word_1_28' title='bbox 209 681 411 780; x_wconf 77' lang='lat' dir='ltr'><strong>reipublicae</strong></span> <span class='ocrx_word' id='word_1_29' title='bbox 425 689 543 744; x_wconf 76' lang='lat' dir='ltr'><strong>ctutum</strong></span> <span class='ocrx_word' id='word_1_30' title='bbox 554 699 625 744; x_wconf 84' lang='lat' dir='ltr'><strong>eum</strong></span> <span class='ocrx_word' id='word_1_31' title='bbox 640 699 729 760; x_wconf 83' lang='lat' dir='ltr'><strong>erre,</strong></span> <span class='ocrx_word' id='word_1_32' title='bbox 755 683 790 744; x_wconf 83' lang='lat' dir='ltr'><strong>e&#39;n</strong></span> <span class='ocrx_word' id='word_1_33' title='bbox 805 697 880 764; x_wconf 78' lang='grc' dir='ltr'>οαο,</span> <span class='ocrx_word' id='word_1_34' title='bbox 899 679 1044 746; x_wconf 74' lang='lat' dir='ltr'><strong>omnum</strong></span> <span class='ocrx_word' id='word_1_35' title='bbox 1064 679 1386 764; x_wconf 80' lang='lat' dir='ltr'><strong>purttdmfortr&#39;ter</strong></span> <span class='ocrx_word' id='word_1_36' title='bbox 1503 705 1504 722; x_wconf 72' lang='lat'><em>2</em></span> 
     </span>
     <span class='ocr_line' id='line_1_6' title="bbox 210 782 1504 870; baseline -0.001 -20"><span class='ocrx_word' id='word_1_37' title='bbox 210 807 252 850; x_wconf 85' lang='lat' dir='ltr'><strong>uc</strong></span> <span class='ocrx_word' id='word_1_38' title='bbox 260 784 443 870; x_wconf 77' lang='lat' dir='ltr'><strong><em>prudenter</em></strong></span> <span class='ocrx_word' id='word_1_39' title='bbox 457 783 504 848; x_wconf 87' lang='lat' dir='ltr'><strong>ud</strong></span> <span class='ocrx_word' id='word_1_40' title='bbox 520 782 663 848; x_wconf 83' lang='lat' dir='ltr'><strong>ordinem</strong></span> <span class='ocrx_word' id='word_1_41' title='bbox 677 789 712 846; x_wconf 81' lang='lat' dir='ltr'><strong>ot</strong></span> <span class='ocrx_word' id='word_1_42' title='bbox 730 791 911 848; x_wconf 77' lang='lat' dir='ltr'><strong>concenturi</strong></span> <span class='ocrx_word' id='word_1_43' title='bbox 935 789 1132 868; x_wconf 71' lang='lat' dir='ltr'><strong>compoutri,</strong></span> <span class='ocrx_word' id='word_1_44' title='bbox 1156 788 1282 850; x_wconf 79' lang='lat' dir='ltr'><strong>iustitia</strong></span> <span class='ocrx_word' id='word_1_45' title='bbox 1296 803 1384 854; x_wconf 73' lang='lat' dir='ltr'><strong>catut</strong></span> <span class='ocrx_word' id='word_1_46' title='bbox 1503 821 1504 862; x_wconf 53' lang='lat' dir='ltr'><strong>t</strong></span> 
     </span>
    </p>
   </div>
   <div class='ocr_carea' id='block_1_4' title="bbox 209 874 1385 1075">
    <p class='ocr_par' dir='ltr' id='par_1_4' title="bbox 209 874 1385 1075">
     <span class='ocr_line' id='line_1_7' title="bbox 209 874 1385 976; baseline 0.001 -25"><span class='ocrx_word' id='word_1_47' title='bbox 209 893 372 973; x_wconf 75' lang='lat' dir='ltr'><strong>rapientia</strong></span> <span class='ocrx_word' id='word_1_48' title='bbox 395 880 607 973; x_wconf 77' lang='grc' dir='ltr'>(δικαιοσύνη</span> <span class='ocrx_word' id='word_1_49' title='bbox 633 875 713 970; x_wconf 75' lang='grc' dir='ltr'><strong>μετὰ</strong></span> <span class='ocrx_word' id='word_1_50' title='bbox 739 874 1098 976; x_wconf 67' lang='grc' dir='ltr'><strong>φρονήοιως)κιηιιατ.</strong></span> <span class='ocrx_word' id='word_1_51' title='bbox 1149 883 1199 949; x_wconf 83' lang='lat' dir='ltr'><strong>lte</strong></span> <span class='ocrx_word' id='word_1_52' title='bbox 1216 881 1306 950; x_wconf 82' lang='lat' dir='ltr'><strong>nulla</strong></span> <span class='ocrx_word' id='word_1_53' title='bbox 1328 893 1385 952; x_wconf 58' lang='lat' dir='ltr'><strong>to*</strong></span> 
     </span>
     <span class='ocr_line' id='line_1_8' title="bbox 209 983 1384 1075; baseline -0.002 -21"><span class='ocrx_word' id='word_1_54' title='bbox 209 993 275 1054; x_wconf 85' lang='lat' dir='ltr'><strong>tius</strong></span> <span class='ocrx_word' id='word_1_55' title='bbox 297 992 405 1075; x_wconf 84' lang='lat' dir='ltr'><strong>operis</strong></span> <span class='ocrx_word' id='word_1_56' title='bbox 428 1009 503 1074; x_wconf 85' lang='lat' dir='ltr'><strong>pars</strong></span> <span class='ocrx_word' id='word_1_57' title='bbox 524 988 709 1054; x_wconf 80' lang='lat' dir='ltr'><strong>necessaria</strong></span> <span class='ocrx_word' id='word_1_58' title='bbox 734 987 857 1053; x_wconf 81' lang='lat' dir='ltr'><strong>videtur</strong></span> <span class='ocrx_word' id='word_1_59' title='bbox 880 987 1069 1054; x_wconf 80' lang='lat' dir='ltr'><strong>desiderari.</strong></span> <span class='ocrx_word' id='word_1_60' title='bbox 1119 983 1204 1054; x_wconf 82' lang='lat' dir='ltr'><strong>Nutu</strong></span> <span class='ocrx_word' id='word_1_61' title='bbox 1219 989 1384 1054; x_wconf 78' lang='lat' dir='ltr'><strong>iniustitia</strong></span> 
     </span>
    </p>
   </div>
   <div class='ocr_carea' id='block_1_5' title="bbox 209 1089 1384 1178">
    <p class='ocr_par' dir='ltr' id='par_1_5' title="bbox 209 1089 1504 1192">
     <span class='ocr_line' id='line_1_9' title="bbox 209 1089 1384 1178; baseline 0.002 -23"><span class='ocrx_word' id='word_1_62' title='bbox 209 1109 340 1178; x_wconf 84' lang='lat' dir='ltr'><strong>proptor</strong></span> <span class='ocrx_word' id='word_1_63' title='bbox 355 1093 608 1178; x_wconf 82' lang='lat' dir='ltr'><strong>oppositionem,</strong></span> <span class='ocrx_word' id='word_1_64' title='bbox 630 1103 662 1156; x_wconf 90' lang='lat' dir='ltr'><strong>et</strong></span> <span class='ocrx_word' id='word_1_65' title='bbox 676 1103 710 1156; x_wconf 91' lang='lat' dir='ltr'><strong>ut</strong></span> <span class='ocrx_word' id='word_1_66' title='bbox 726 1091 802 1156; x_wconf 85' lang='lat' dir='ltr'><strong>iusti</strong></span> <span class='ocrx_word' id='word_1_67' title='bbox 819 1091 879 1156; x_wconf 89' lang='lat' dir='ltr'><strong>viri</strong></span> <span class='ocrx_word' id='word_1_68' title='bbox 895 1092 1062 1176; x_wconf 80' lang='lat' dir='ltr'><strong>iustaeque</strong></span> <span class='ocrx_word' id='word_1_69' title='bbox 1078 1090 1217 1159; x_wconf 80' lang='lat' dir='ltr'><strong>civitatis</strong></span> <span class='ocrx_word' id='word_1_70' title='bbox 1237 1089 1384 1162; x_wconf 74' lang='lat' dir='ltr'><strong>felicitas</strong></span> 
     </span>
    </p>
   </div>
   <div class='ocr_carea' id='block_1_6' title="bbox 167 1187 1383 1694">
    <p class='ocr_par' dir='ltr' id='par_1_6' title="bbox 167 1187 1383 1694">
     <span class='ocr_line' id='line_1_10' title="bbox 212 1187 1381 1284; baseline 0.003 -26"><span class='ocrx_word' id='word_1_71' title='bbox 212 1209 386 1280; x_wconf 80' lang='lat' dir='ltr'><strong>appareat,</strong></span> <span class='ocrx_word' id='word_1_72' title='bbox 426 1193 626 1258; x_wconf 84' lang='lat' dir='ltr'><strong>describitur.</strong></span> <span class='ocrx_word' id='word_1_73' title='bbox 673 1191 739 1258; x_wconf 84' lang='lat' dir='ltr'><strong>Sed</strong></span> <span class='ocrx_word' id='word_1_74' title='bbox 766 1215 828 1281; x_wconf 89' lang='lat' dir='ltr'><strong>quo</strong></span> <span class='ocrx_word' id='word_1_75' title='bbox 856 1195 925 1258; x_wconf 89' lang='lat' dir='ltr'><strong>iuro</strong></span> <span class='ocrx_word' id='word_1_76' title='bbox 952 1187 1146 1278; x_wconf 79' lang='lat' dir='ltr'><strong>sapientiem</strong></span> <span class='ocrx_word' id='word_1_77' title='bbox 1175 1189 1381 1284; x_wconf 76' lang='grc' dir='ltr'>(φρόνησιν)</span> 
     </span>
     <span class='ocr_line' id='line_1_11' title="bbox 194 1293 1381 1382; baseline 0 -21"><span class='ocrx_word' id='word_1_78' title='bbox 194 1293 353 1363; x_wconf 50' lang='lat' dir='ltr'><strong>¹iustitiae</strong></span> <span class='ocrx_word' id='word_1_79' title='bbox 374 1300 521 1364; x_wconf 82' lang='lat' dir='ltr'><strong>cursitem</strong></span> <span class='ocrx_word' id='word_1_80' title='bbox 542 1296 737 1377; x_wconf 73' lang='lat' dir='ltr'><strong>addiderim,</strong></span> <span class='ocrx_word' id='word_1_81' title='bbox 761 1297 795 1361; x_wconf 93' lang='lat' dir='ltr'><strong>id</strong></span> <span class='ocrx_word' id='word_1_82' title='bbox 818 1298 847 1360; x_wconf 93' lang='lat' dir='ltr'><strong>si</strong></span> <span class='ocrx_word' id='word_1_83' title='bbox 867 1297 976 1362; x_wconf 88' lang='lat' dir='ltr'><strong>miuus</strong></span> <span class='ocrx_word' id='word_1_84' title='bbox 990 1298 1158 1382; x_wconf 75' lang='lat' dir='ltr'><strong>superiore</strong></span> <span class='ocrx_word' id='word_1_85' title='bbox 1173 1310 1381 1382; x_wconf 57' lang='lat' dir='ltr'><strong>argumente-s</strong></span> 
     </span>
     <span class='ocr_line' id='line_1_12' title="bbox 167 1395 1379 1487; baseline 0.003 -23"><span class='ocrx_word' id='word_1_86' title='bbox 167 1473 175 1481; x_wconf 22' lang='grc' dir='ltr'>Ὃ</span> <span class='ocrx_word' id='word_1_87' title='bbox 210 1403 299 1465; x_wconf 91' lang='lat' dir='ltr'><strong>tiono</strong></span> <span class='ocrx_word' id='word_1_88' title='bbox 315 1400 510 1466; x_wconf 82' lang='lat' dir='ltr'><strong>declaratum</strong></span> <span class='ocrx_word' id='word_1_89' title='bbox 526 1401 638 1479; x_wconf 86' lang='lat' dir='ltr'><strong>luerit,</strong></span> <span class='ocrx_word' id='word_1_90' title='bbox 664 1421 709 1464; x_wconf 87' lang='lat' dir='ltr'><strong>ex</strong></span> <span class='ocrx_word' id='word_1_91' title='bbox 730 1402 833 1484; x_wconf 80' lang='lat' dir='ltr'><strong>ipsius</strong></span> <span class='ocrx_word' id='word_1_92' title='bbox 853 1398 977 1487; x_wconf 78' lang='lat' dir='ltr'><strong>dialogi</strong></span> <span class='ocrx_word' id='word_1_93' title='bbox 994 1399 1209 1486; x_wconf 76' lang='lat' dir='ltr'><strong>descriptione</strong></span> <span class='ocrx_word' id='word_1_94' title='bbox 1224 1395 1379 1468; x_wconf 83' lang='lat' dir='ltr'><strong>elucebit.</strong></span> 
     </span>
     <span class='ocr_line' id='line_1_13' title="bbox 211 1499 1383 1588; baseline 0.001 -20"><span class='ocrx_word' id='word_1_95' title='bbox 211 1501 318 1580; x_wconf 81' lang='lat' dir='ltr'><strong>Quum</strong></span> <span class='ocrx_word' id='word_1_96' title='bbox 339 1504 386 1570; x_wconf 85' lang='lat' dir='ltr'><strong>sio</strong></span> <span class='ocrx_word' id='word_1_97' title='bbox 405 1505 576 1570; x_wconf 73' lang='lat' dir='ltr'><strong>instituere</strong></span> <span class='ocrx_word' id='word_1_98' title='bbox 600 1499 703 1582; x_wconf 73' lang='lat' dir='ltr'><strong>coluri,</strong></span> <span class='ocrx_word' id='word_1_99' title='bbox 729 1515 764 1568; x_wconf 93' lang='lat' dir='ltr'><strong>ut</strong></span> <span class='ocrx_word' id='word_1_100' title='bbox 785 1500 932 1576; x_wconf 35' lang='lat' dir='ltr'><strong>adhibite,</strong></span> <span class='ocrx_word' id='word_1_101' title='bbox 952 1505 1116 1583; x_wconf 76' lang='lat' dir='ltr'><strong>cautione,</strong></span> <span class='ocrx_word' id='word_1_102' title='bbox 1151 1523 1195 1568; x_wconf 87' lang='lat' dir='ltr'><strong>ue</strong></span> <span class='ocrx_word' id='word_1_103' title='bbox 1217 1503 1273 1588; x_wconf 87' lang='lat' dir='ltr'><strong>qui</strong></span> <span class='ocrx_word' id='word_1_104' title='bbox 1294 1500 1383 1570; x_wconf 88' lang='lat' dir='ltr'><strong>huec</strong></span> 
     </span>
     <span class='ocr_line' id='line_1_14' title="bbox 209 1603 1382 1694; baseline -0.002 -22"><span class='ocrx_word' id='word_1_105' title='bbox 209 1605 358 1694; x_wconf 79' lang='lat' dir='ltr'><strong>legerent</strong></span> <span class='ocrx_word' id='word_1_106' title='bbox 378 1627 484 1674; x_wconf 88' lang='lat' dir='ltr'><strong>rerum</strong></span> <span class='ocrx_word' id='word_1_107' title='bbox 507 1608 542 1670; x_wconf 89' lang='lat' dir='ltr'><strong>iu</strong></span> <span class='ocrx_word' id='word_1_108' title='bbox 566 1603 768 1692; x_wconf 84' lang='lat' dir='ltr'><strong>singulorum</strong></span> <span class='ocrx_word' id='word_1_109' title='bbox 790 1603 945 1670; x_wconf 88' lang='lat' dir='ltr'><strong>librorum</strong></span> <span class='ocrx_word' id='word_1_110' title='bbox 968 1619 1157 1693; x_wconf 86' lang='lat' dir='ltr'><strong>argumento</strong></span> <span class='ocrx_word' id='word_1_111' title='bbox 1182 1625 1382 1670; x_wconf 79' lang='lat' dir='ltr'><strong>commemo-</strong></span> 
     </span>
    </p>
   </div>
   <div class='ocr_carea' id='block_1_7' title="bbox 209 1706 1504 1794">
    <p class='ocr_par' dir='ltr' id='par_1_7' title="bbox 209 1706 1504 1794">
     <span class='ocr_line' id='line_1_15' title="bbox 209 1706 1504 1794; baseline 0 -20"><span class='ocrx_word' id='word_1_112' title='bbox 209 1710 386 1774; x_wconf 86' lang='lat' dir='ltr'><strong>randarum</strong></span> <span class='ocrx_word' id='word_1_113' title='bbox 406 1708 609 1774; x_wconf 88' lang='lat' dir='ltr'><strong>multitudiue</strong></span> <span class='ocrx_word' id='word_1_114' title='bbox 630 1706 856 1790; x_wconf 87' lang='lat' dir='ltr'><strong>obruerentur,</strong></span> <span class='ocrx_word' id='word_1_115' title='bbox 884 1731 929 1774; x_wconf 83' lang='lat' dir='ltr'><strong>ox</strong></span> <span class='ocrx_word' id='word_1_116' title='bbox 949 1711 1021 1794; x_wconf 88' lang='lat' dir='ltr'><strong>ipso</strong></span> <span class='ocrx_word' id='word_1_117' title='bbox 1041 1710 1258 1774; x_wconf 82' lang='lat' dir='ltr'><strong>maximarum</strong></span> <span class='ocrx_word' id='word_1_118' title='bbox 1269 1728 1381 1784; x_wconf 77' lang='lat' dir='ltr'><strong>rerum</strong></span> <span class='ocrx_word' id='word_1_119' title='bbox 1436 1780 1444 1792; x_wconf 50' lang='grc'><strong>,</strong></span> <span class='ocrx_word' id='word_1_120' title='bbox 1503 1709 1504 1732; x_wconf 62' lang='lat'><strong>.</strong></span> 
     </span>
    </p>
   </div>
   <div class='ocr_carea' id='block_1_8' title="bbox 212 1811 1380 2000">
    <p class='ocr_par' dir='ltr' id='par_1_8' title="bbox 212 1811 1380 2000">
     <span class='ocr_line' id='line_1_16' title="bbox 213 1811 1380 1898; baseline -0.002 -20"><span class='ocrx_word' id='word_1_121' title='bbox 213 1813 326 1878; x_wconf 87' lang='lat' dir='ltr'><strong>ordino</strong></span> <span class='ocrx_word' id='word_1_122' title='bbox 342 1818 441 1878; x_wconf 87' lang='lat' dir='ltr'><strong>totius</strong></span> <span class='ocrx_word' id='word_1_123' title='bbox 455 1814 614 1877; x_wconf 88' lang='lat' dir='ltr'><strong>sermonis</strong></span> <span class='ocrx_word' id='word_1_124' title='bbox 628 1813 712 1876; x_wconf 90' lang='lat' dir='ltr'><strong>ratio</strong></span> <span class='ocrx_word' id='word_1_125' title='bbox 728 1811 826 1876; x_wconf 82' lang='lat' dir='ltr'><strong>docile</strong></span> <span class='ocrx_word' id='word_1_126' title='bbox 841 1826 953 1898; x_wconf 88' lang='lat' dir='ltr'><strong>posset</strong></span> <span class='ocrx_word' id='word_1_127' title='bbox 964 1813 1106 1898; x_wconf 77' lang='lat' dir='ltr'><strong>perspici</strong></span> <span class='ocrx_word' id='word_1_128' title='bbox 1120 1825 1153 1876; x_wconf 82' lang='lat' dir='ltr'><strong>ot</strong></span> <span class='ocrx_word' id='word_1_129' title='bbox 1171 1811 1206 1878; x_wconf 92' lang='lat' dir='ltr'><strong>id</strong></span> <span class='ocrx_word' id='word_1_130' title='bbox 1229 1811 1380 1878; x_wconf 81' lang='lat' dir='ltr'><strong>ostonde·</strong></span> 
     </span>
     <span class='ocr_line' id='line_1_17' title="bbox 212 1913 940 2000; baseline -0.003 -20"><span class='ocrx_word' id='word_1_131' title='bbox 212 1929 317 1996; x_wconf 85' lang='lat' dir='ltr'><strong>retur,</strong></span> <span class='ocrx_word' id='word_1_132' title='bbox 343 1917 433 1982; x_wconf 84' lang='lat' dir='ltr'><strong>cuius</strong></span> <span class='ocrx_word' id='word_1_133' title='bbox 450 1935 567 1981; x_wconf 85' lang='lat' dir='ltr'><strong>causse</strong></span> <span class='ocrx_word' id='word_1_134' title='bbox 583 1913 664 1979; x_wconf 87' lang='lat' dir='ltr'><strong>haec</strong></span> <span class='ocrx_word' id='word_1_135' title='bbox 680 1927 754 1978; x_wconf 87' lang='lat' dir='ltr'><strong>sunt</strong></span> <span class='ocrx_word' id='word_1_136' title='bbox 767 1916 940 2000; x_wconf 80' lang='lat' dir='ltr'><strong>disputata.</strong></span> 
     </span>
    </p>
   </div>
   <div class='ocr_carea' id='block_1_9' title="bbox 166 2022 1384 2736">
    <p class='ocr_par' dir='ltr' id='par_1_9' title="bbox 216 2022 1384 2334">
     <span class='ocr_line' id='line_1_18' title="bbox 268 2022 1384 2122; baseline 0.001 -25"><span class='ocrx_word' id='word_1_137' title='bbox 268 2089 276 2097; x_wconf 83' lang='lat'><em>.</em></span> <span class='ocrx_word' id='word_1_138' title='bbox 316 2022 600 2120; x_wconf 85' lang='lat' dir='ltr'><strong>Oppoltunitatem</strong></span> <span class='ocrx_word' id='word_1_139' title='bbox 614 2034 742 2100; x_wconf 88' lang='lat' dir='ltr'><strong>dicandi</strong></span> <span class='ocrx_word' id='word_1_140' title='bbox 755 2033 847 2099; x_wconf 85' lang='lat' dir='ltr'><strong>Pluto</strong></span> <span class='ocrx_word' id='word_1_141' title='bbox 860 2033 988 2098; x_wconf 86' lang='lat' dir='ltr'><strong>Socrati</strong></span> <span class='ocrx_word' id='word_1_142' title='bbox 1003 2031 1168 2122; x_wconf 77' lang='lat' dir='ltr'><strong>praebuit,</strong></span> <span class='ocrx_word' id='word_1_143' title='bbox 1188 2051 1261 2098; x_wconf 87' lang='lat' dir='ltr'><strong>cnm</strong></span> <span class='ocrx_word' id='word_1_144' title='bbox 1276 2032 1384 2098; x_wconf 77' lang='lat' dir='ltr'><strong>Thra·</strong></span> 
     </span>
     <span class='ocr_line' id='line_1_19' title="bbox 216 2133 1382 2224; baseline 0.001 -23"><span class='ocrx_word' id='word_1_145' title='bbox 216 2135 404 2220; x_wconf 75' lang='lat' dir='ltr'><strong>symachum</strong></span> <span class='ocrx_word' id='word_1_146' title='bbox 424 2135 603 2222; x_wconf 84' lang='lat' dir='ltr'><strong>sophistam</strong></span> <span class='ocrx_word' id='word_1_147' title='bbox 628 2135 713 2202; x_wconf 87' lang='lat' dir='ltr'><strong>libro</strong></span> <span class='ocrx_word' id='word_1_148' title='bbox 737 2136 764 2201; x_wconf 90' lang='lat'><strong>1.</strong></span> <span class='ocrx_word' id='word_1_149' title='bbox 786 2139 932 2224; x_wconf 86' lang='lat' dir='ltr'><strong>inprimis</strong></span> <span class='ocrx_word' id='word_1_150' title='bbox 954 2155 987 2222; x_wconf 90' lang='lat' dir='ltr'><strong>p.</strong></span> <span class='ocrx_word' id='word_1_151' title='bbox 1010 2143 1095 2202; x_wconf 83' lang='grc'><strong>338.</strong></span> <span class='ocrx_word' id='word_1_152' title='bbox 1117 2135 1155 2201; x_wconf 80' lang='lat' dir='ltr'><strong>G.</strong></span> <span class='ocrx_word' id='word_1_153' title='bbox 1184 2141 1269 2202; x_wconf 84' lang='grc'><strong>343.</strong></span> <span class='ocrx_word' id='word_1_154' title='bbox 1284 2133 1323 2200; x_wconf 81' lang='lat' dir='ltr'><strong>C.</strong></span> <span class='ocrx_word' id='word_1_155' title='bbox 1349 2150 1382 2202; x_wconf 83' lang='lat' dir='ltr'><strong>ot</strong></span> 
     </span>
     <span class='ocr_line' id='line_1_20' title="bbox 218 2236 1380 2334; baseline -0.001 -30"><span class='ocrx_word' id='word_1_156' title='bbox 218 2243 316 2334; x_wconf 62' lang='lat' dir='ltr'><strong>344.x</strong></span> <span class='ocrx_word' id='word_1_157' title='bbox 331 2263 371 2305; x_wconf 86' lang='lat' dir='ltr'><strong>ou</strong></span> <span class='ocrx_word' id='word_1_158' title='bbox 393 2239 578 2325; x_wconf 90' lang='lat' dir='ltr'><strong>loquentem</strong></span> <span class='ocrx_word' id='word_1_159' title='bbox 600 2239 781 2321; x_wconf 83' lang='lat' dir='ltr'><strong>induceret,</strong></span> <span class='ocrx_word' id='word_1_160' title='bbox 807 2251 889 2327; x_wconf 86' lang='lat' dir='ltr'><strong>qnae</strong></span> <span class='ocrx_word' id='word_1_161' title='bbox 910 2239 1061 2306; x_wconf 81' lang='lat' dir='ltr'><strong>Serretes</strong></span> <span class='ocrx_word' id='word_1_162' title='bbox 1084 2236 1380 2324; x_wconf 48' lang='lat' dir='ltr'><strong>l.11.1p.aor.c.</strong></span> 
     </span>
    </p>

    <p class='ocr_par' dir='ltr' id='par_1_10' title="bbox 166 2332 1384 2736">
     <span class='ocr_line' id='line_1_21' title="bbox 211 2332 1379 2429; baseline 0.002 -23"><span class='ocrx_word' id='word_1_163' title='bbox 211 2340 270 2408; x_wconf 71' lang='lat' dir='ltr'><strong>&#39;luis</strong></span> <span class='ocrx_word' id='word_1_164' title='bbox 293 2341 403 2408; x_wconf 78' lang='lat' dir='ltr'><strong>corbis</strong></span> <span class='ocrx_word' id='word_1_165' title='bbox 426 2333 566 2429; x_wconf 72' lang='lat' dir='ltr'><strong>colligiti</strong></span> <span class='ocrx_word' id='word_1_166' title='bbox 608 2332 660 2410; x_wconf 80' lang='lat' dir='ltr'><strong>‘dtr</strong></span> <span class='ocrx_word' id='word_1_167' title='bbox 684 2337 724 2411; x_wconf 82' lang='grc' dir='ltr'><strong>τὸ</strong></span> <span class='ocrx_word' id='word_1_168' title='bbox 750 2347 811 2428; x_wconf 80' lang='grc' dir='ltr'><strong>μὲν</strong></span> <span class='ocrx_word' id='word_1_169' title='bbox 835 2342 964 2411; x_wconf 79' lang='grc' dir='ltr'>δίκαιον</span> <span class='ocrx_word' id='word_1_170' title='bbox 988 2337 1164 2428; x_wconf 77' lang='grc' dir='ltr'><strong>ἀλλότριον</strong></span> <span class='ocrx_word' id='word_1_171' title='bbox 1180 2337 1319 2428; x_wconf 78' lang='grc' dir='ltr'>αἰγαδόν</span> <span class='ocrx_word' id='word_1_172' title='bbox 1336 2335 1379 2426; x_wconf 79' lang='lat'><strong>⁵),</strong></span> 
     </span>
     <span class='ocr_line' id='line_1_22' title="bbox 166 2436 1384 2538; baseline 0.003 -30"><span class='ocrx_word' id='word_1_173' title='bbox 166 2436 169 2442; x_wconf 42' lang='lat'><strong>¹</strong></span> <span class='ocrx_word' id='word_1_174' title='bbox 217 2445 383 2538; x_wconf 70' lang='grc' dir='ltr'>ξυμφέρον</span> <span class='ocrx_word' id='word_1_175' title='bbox 410 2447 470 2514; x_wconf 79' lang='grc' dir='ltr'><strong>τοῦ</strong></span> <span class='ocrx_word' id='word_1_176' title='bbox 502 2449 702 2536; x_wconf 80' lang='grc' dir='ltr'><strong>κρείττονος,</strong></span> <span class='ocrx_word' id='word_1_177' title='bbox 727 2441 771 2512; x_wconf 45' lang='lat' dir='ltr'><strong>‘ro&#39;</strong></span> <span class='ocrx_word' id='word_1_178' title='bbox 799 2446 834 2512; x_wconf 80' lang='lat' dir='ltr'><strong>dd</strong></span> <span class='ocrx_word' id='word_1_179' title='bbox 865 2439 983 2514; x_wconf 75' lang='grc' dir='ltr'>ἄδικον</span> <span class='ocrx_word' id='word_1_180' title='bbox 1014 2445 1103 2536; x_wconf 79' lang='grc' dir='ltr'>αὐτῷ</span> <span class='ocrx_word' id='word_1_181' title='bbox 1125 2449 1194 2530; x_wconf 71' lang='grc' dir='ltr'><strong>’μὲν</strong></span> <span class='ocrx_word' id='word_1_182' title='bbox 1218 2439 1384 2535; x_wconf 71' lang='grc' dir='ltr'><strong>ξυμφέρον</strong></span> 
     </span>
     <span class='ocr_line' id='line_1_23' title="bbox 185 2539 1381 2640; baseline -0.003 -26"><span class='ocrx_word' id='word_1_183' title='bbox 185 2551 273 2614; x_wconf 57' lang='grc' dir='ltr'><strong>κκαὶ</strong></span> <span class='ocrx_word' id='word_1_184' title='bbox 298 2545 501 2627; x_wconf 79' lang='grc' dir='ltr'><strong>λυσιτελοῦν,</strong></span> <span class='ocrx_word' id='word_1_185' title='bbox 540 2551 584 2638; x_wconf 79' lang='grc' dir='ltr'><strong>τῷ</strong></span> <span class='ocrx_word' id='word_1_186' title='bbox 612 2549 647 2613; x_wconf 76' lang='grc' dir='ltr'><strong>δὲ</strong></span> <span class='ocrx_word' id='word_1_187' title='bbox 670 2545 783 2631; x_wconf 74' lang='grc' dir='ltr'>ἥττονι</span> <span class='ocrx_word' id='word_1_188' title='bbox 808 2539 1010 2640; x_wconf 70' lang='grc' dir='ltr'><strong>ἀξύμφορον.</strong></span> <span class='ocrx_word' id='word_1_189' title='bbox 1060 2549 1115 2613; x_wconf 80' lang='lat' dir='ltr'><strong>Ex</strong></span> <span class='ocrx_word' id='word_1_190' title='bbox 1138 2568 1200 2634; x_wconf 84' lang='lat' dir='ltr'><strong>qua</strong></span> <span class='ocrx_word' id='word_1_191' title='bbox 1222 2549 1381 2611; x_wconf 88' lang='lat' dir='ltr'><strong>sententia</strong></span> 
     </span>
     <span class='ocr_line' id='line_1_24' title="bbox 217 2651 1382 2736; baseline -0.002 -20"><span class='ocrx_word' id='word_1_192' title='bbox 217 2665 327 2717; x_wconf 86' lang='lat' dir='ltr'><strong>uatem</strong></span> <span class='ocrx_word' id='word_1_193' title='bbox 343 2653 593 2718; x_wconf 85' lang='lat' dir='ltr'><strong>controversiam</strong></span> <span class='ocrx_word' id='word_1_194' title='bbox 611 2651 826 2716; x_wconf 80' lang='lat' dir='ltr'><strong>sic-Sooratos</strong></span> <span class='ocrx_word' id='word_1_195' title='bbox 841 2651 1050 2716; x_wconf 86' lang='lat' dir='ltr'><strong>dirimendam</strong></span> <span class='ocrx_word' id='word_1_196' title='bbox 1065 2653 1099 2715; x_wconf 90' lang='lat' dir='ltr'><strong>in</strong></span> <span class='ocrx_word' id='word_1_197' title='bbox 1115 2673 1151 2718; x_wconf 90' lang='lat' dir='ltr'><strong>se</strong></span> <span class='ocrx_word' id='word_1_198' title='bbox 1167 2653 1323 2736; x_wconf 83' lang='lat' dir='ltr'><strong>suscepit,</strong></span> <span class='ocrx_word' id='word_1_199' title='bbox 1348 2664 1382 2716; x_wconf 90' lang='lat' dir='ltr'><strong>ut</strong></span> 
     </span>
    </p>
   </div>
   <div class='ocr_carea' id='block_1_10' title="bbox 217 2746 1403 2845">
    <p class='ocr_par' dir='ltr' id='par_1_11' title="bbox 217 2746 1403 2845">
     <span class='ocr_line' id='line_1_25' title="bbox 217 2746 1403 2845; baseline 0.001 -28"><span class='ocrx_word' id='word_1_200' title='bbox 217 2761 388 2840; x_wconf 83' lang='lat' dir='ltr'><strong>quaereret</strong></span> <span class='ocrx_word' id='word_1_201' title='bbox 411 2753 453 2818; x_wconf 88' lang='lat' dir='ltr'><strong>ll.</strong></span> <span class='ocrx_word' id='word_1_202' title='bbox 477 2769 510 2840; x_wconf 90' lang='lat' dir='ltr'><strong>p.</strong></span> <span class='ocrx_word' id='word_1_203' title='bbox 535 2761 620 2822; x_wconf 80' lang='grc'><strong>868.</strong></span> <span class='ocrx_word' id='word_1_204' title='bbox 645 2751 684 2820; x_wconf 76' lang='grc' dir='ltr'><strong>Ο.</strong></span> <span class='ocrx_word' id='word_1_205' title='bbox 720 2759 753 2824; x_wconf 80' lang='grc' dir='ltr'><strong>τί</strong></span> <span class='ocrx_word' id='word_1_206' title='bbox 777 2752 809 2822; x_wconf 81' lang='grc' dir='ltr'><strong>τ’</strong></span> <span class='ocrx_word' id='word_1_207' title='bbox 829 2758 916 2825; x_wconf 69' lang='grc' dir='ltr'>ἔστιν</span> <span class='ocrx_word' id='word_1_208' title='bbox 940 2752 1092 2845; x_wconf 77' lang='grc' dir='ltr'><strong>ἑκάτερον</strong></span> <span class='ocrx_word' id='word_1_209' title='bbox 1113 2746 1324 2838; x_wconf 76' lang='grc' dir='ltr'>(δικαιοσύνη</span> <span class='ocrx_word' id='word_1_210' title='bbox 1349 2776 1403 2818; x_wconf 79' lang='grc' dir='ltr'><strong>τι·</strong></span> 
     </span>
    </p>
   </div>
   <div class='ocr_carea' id='block_1_11' title="bbox 217 2855 1383 3048">
    <p class='ocr_par' dir='ltr' id='par_1_12' title="bbox 217 2855 1383 3048">
     <span class='ocr_line' id='line_1_26' title="bbox 218 2855 1383 2948; baseline -0.003 -24"><span class='ocrx_word' id='word_1_211' title='bbox 218 2860 275 2948; x_wconf 70' lang='grc' dir='ltr'><strong>καὶ</strong></span> <span class='ocrx_word' id='word_1_212' title='bbox 303 2856 434 2942; x_wconf 77' lang='grc' dir='ltr'>ἀδικία)</span> <span class='ocrx_word' id='word_1_213' title='bbox 463 2861 522 2926; x_wconf 78' lang='grc' dir='ltr'><strong>καλ</strong></span> <span class='ocrx_word' id='word_1_214' title='bbox 551 2861 626 2945; x_wconf 77' lang='grc' dir='ltr'><em>περὶ</em></span> <span class='ocrx_word' id='word_1_215' title='bbox 653 2859 711 2941; x_wconf 80' lang='grc' dir='ltr'><strong>τῆς</strong></span> <span class='ocrx_word' id='word_1_216' title='bbox 737 2857 896 2948; x_wconf 71' lang='grc' dir='ltr'><strong>ὠφελείας</strong></span> <span class='ocrx_word' id='word_1_217' title='bbox 925 2857 1043 2926; x_wconf 78' lang='grc' dir='ltr'>αὐτοῖν</span> <span class='ocrx_word' id='word_1_218' title='bbox 1068 2855 1215 2941; x_wconf 72' lang='grc' dir='ltr'><strong>τάληθὲς</strong></span> <span class='ocrx_word' id='word_1_219' title='bbox 1239 2855 1383 2944; x_wconf 77' lang='grc' dir='ltr'><strong>ποτέρως</strong></span> 
     </span>
     <span class='ocr_line' id='line_1_27' title="bbox 217 2956 1380 3048; baseline -0.003 -22"><span class='ocrx_word' id='word_1_220' title='bbox 217 2956 319 3047; x_wconf 50' lang='grc' dir='ltr'>ἔχει(</span> <span class='ocrx_word' id='word_1_221' title='bbox 343 2958 517 3036; x_wconf 78' lang='lat' dir='ltr'><strong>Quaeritur</strong></span> <span class='ocrx_word' id='word_1_222' title='bbox 539 2963 640 3048; x_wconf 86' lang='lat' dir='ltr'><strong>igitur</strong></span> <span class='ocrx_word' id='word_1_223' title='bbox 660 2961 737 3024; x_wconf 89' lang='lat' dir='ltr'><strong>iude</strong></span> <span class='ocrx_word' id='word_1_224' title='bbox 761 2983 780 3024; x_wconf 90' lang='lat' dir='ltr'><strong>a</strong></span> <span class='ocrx_word' id='word_1_225' title='bbox 804 2960 845 3026; x_wconf 91' lang='lat' dir='ltr'><strong>ll.</strong></span> <span class='ocrx_word' id='word_1_226' title='bbox 867 2985 899 3048; x_wconf 85' lang='lat' dir='ltr'><strong>p.</strong></span> <span class='ocrx_word' id='word_1_227' title='bbox 922 2967 1007 3028; x_wconf 83' lang='grc'><strong>368.</strong></span> <span class='ocrx_word' id='word_1_228' title='bbox 1028 2959 1065 3026; x_wconf 81' lang='lat' dir='ltr'><strong>C.</strong></span> <span class='ocrx_word' id='word_1_229' title='bbox 1091 2981 1192 3048; x_wconf 88' lang='lat' dir='ltr'><strong>usque</strong></span> <span class='ocrx_word' id='word_1_230' title='bbox 1213 2960 1254 3026; x_wconf 86' lang='lat' dir='ltr'><strong>ud</strong></span> <span class='ocrx_word' id='word_1_231' title='bbox 1276 2958 1334 3026; x_wconf 89' lang='lat' dir='ltr'><strong>lV.</strong></span> <span class='ocrx_word' id='word_1_232' title='bbox 1350 2981 1380 3044; x_wconf 90' lang='lat' dir='ltr'><strong>p.</strong></span> 
     </span>
    </p>
   </div>
   <div class='ocr_carea' id='block_1_12' title="bbox 109 3063 1381 3150">
    <p class='ocr_par' dir='ltr' id='par_1_13' title="bbox 109 3063 1381 3150">
     <span class='ocr_line' id='line_1_28' title="bbox 109 3063 1381 3150; baseline -0.003 -20"><span class='ocrx_word' id='word_1_233' title='bbox 109 3111 111 3120; x_wconf 68' lang='lat'><strong>,</strong></span> <span class='ocrx_word' id='word_1_234' title='bbox 220 3069 308 3130; x_wconf 76' lang='lat'><strong>444.</strong></span> <span class='ocrx_word' id='word_1_235' title='bbox 329 3063 370 3129; x_wconf 84' lang='grc' dir='ltr'><strong>Ε.</strong></span> <span class='ocrx_word' id='word_1_236' title='bbox 407 3065 564 3150; x_wconf 83' lang='lat' dir='ltr'><strong>quaevis</strong></span> <span class='ocrx_word' id='word_1_237' title='bbox 589 3076 761 3128; x_wconf 41' lang='lat' dir='ltr'><strong>etvnnture</strong></span> <span class='ocrx_word' id='word_1_238' title='bbox 788 3067 992 3128; x_wconf 85' lang='lat' dir='ltr'><strong>sitiustitiee</strong></span> <span class='ocrx_word' id='word_1_239' title='bbox 1017 3075 1049 3128; x_wconf 89' lang='lat' dir='ltr'><strong>et</strong></span> <span class='ocrx_word' id='word_1_240' title='bbox 1080 3065 1274 3140; x_wconf 85' lang='lat' dir='ltr'><strong>iniustitieo;</strong></span> <span class='ocrx_word' id='word_1_241' title='bbox 1317 3077 1381 3128; x_wconf 92' lang='lat' dir='ltr'><strong>tum</strong></span> 
     </span>
    </p>
   </div>
   <div class='ocr_carea' id='block_1_13' title="bbox 218 3164 1381 3249">
    <p class='ocr_par' dir='ltr' id='par_1_14' title="bbox 218 3164 1381 3249">
     <span class='ocr_line' id='line_1_29' title="bbox 218 3164 1381 3249; baseline 0 -19"><span class='ocrx_word' id='word_1_242' title='bbox 218 3177 324 3230; x_wconf 87' lang='lat' dir='ltr'><strong>utrum</strong></span> <span class='ocrx_word' id='word_1_243' title='bbox 340 3169 444 3249; x_wconf 89' lang='lat' dir='ltr'><strong>prosit</strong></span> <span class='ocrx_word' id='word_1_244' title='bbox 460 3170 578 3231; x_wconf 83' lang='lat' dir='ltr'><strong>iustum</strong></span> <span class='ocrx_word' id='word_1_245' title='bbox 595 3167 700 3231; x_wconf 79' lang='lat' dir='ltr'><strong>virum</strong></span> <span class='ocrx_word' id='word_1_246' title='bbox 715 3187 806 3247; x_wconf 89' lang='lat' dir='ltr'><strong>esse,</strong></span> <span class='ocrx_word' id='word_1_247' title='bbox 833 3189 874 3232; x_wconf 90' lang='lat' dir='ltr'><strong>an</strong></span> <span class='ocrx_word' id='word_1_248' title='bbox 892 3169 1063 3242; x_wconf 86' lang='lat' dir='ltr'><strong>iniustum,</strong></span> <span class='ocrx_word' id='word_1_249' title='bbox 1080 3167 1159 3230; x_wconf 83' lang='lat' dir='ltr'><strong>sive</strong></span> <span class='ocrx_word' id='word_1_250' title='bbox 1179 3164 1292 3248; x_wconf 83' lang='lat' dir='ltr'><strong>lateat,</strong></span> <span class='ocrx_word' id='word_1_251' title='bbox 1316 3168 1381 3230; x_wconf 87' lang='lat' dir='ltr'><strong>sive</strong></span> 
     </span>
    </p>
   </div>
   <div class='ocr_carea' id='block_1_14' title="bbox 220 3267 1446 3357">
    <p class='ocr_par' dir='ltr' id='par_1_15' title="bbox 220 3267 1446 3357">
     <span class='ocr_line' id='line_1_30' title="bbox 220 3267 1446 3357; baseline -0.002 -24"><span class='ocrx_word' id='word_1_252' title='bbox 220 3289 287 3333; x_wconf 89' lang='lat' dir='ltr'><strong>nou</strong></span> <span class='ocrx_word' id='word_1_253' title='bbox 310 3267 516 3350; x_wconf 83' lang='lat' dir='ltr'><strong>lateat,lV.</strong></span> <span class='ocrx_word' id='word_1_254' title='bbox 541 3293 572 3355; x_wconf 91' lang='lat' dir='ltr'><strong>p.</strong></span> <span class='ocrx_word' id='word_1_255' title='bbox 595 3269 830 3336; x_wconf 69' lang='lat' dir='ltr'><strong>etus-E.</strong></span> <span class='ocrx_word' id='word_1_256' title='bbox 878 3269 992 3350; x_wconf 87' lang='lat' dir='ltr'><strong>Plura,</strong></span> <span class='ocrx_word' id='word_1_257' title='bbox 1028 3291 1111 3357; x_wconf 86' lang='lat' dir='ltr'><strong>quae</strong></span> <span class='ocrx_word' id='word_1_258' title='bbox 1133 3269 1194 3334; x_wconf 89' lang='lat' dir='ltr'><strong>huc</strong></span> <span class='ocrx_word' id='word_1_259' title='bbox 1214 3273 1381 3355; x_wconf 87' lang='lat' dir='ltr'><strong>pertinent,</strong></span> <span class='ocrx_word' id='word_1_260' title='bbox 1444 3295 1446 3300; x_wconf 63' lang='grc'>’</span> 
     </span>
    </p>
   </div>
   <div class='ocr_carea' id='block_1_15' title="bbox 127 3372 1382 3766">
    <p class='ocr_par' dir='ltr' id='par_1_16' title="bbox 127 3372 1382 3766">
     <span class='ocr_line' id='line_1_31' title="bbox 222 3372 1382 3462; baseline -0.004 -24"><span class='ocrx_word' id='word_1_261' title='bbox 222 3386 336 3438; x_wconf 89' lang='lat' dir='ltr'><strong>octavo</strong></span> <span class='ocrx_word' id='word_1_262' title='bbox 363 3373 492 3438; x_wconf 90' lang='lat' dir='ltr'><strong>demum</strong></span> <span class='ocrx_word' id='word_1_263' title='bbox 521 3372 605 3439; x_wconf 91' lang='lat' dir='ltr'><strong>libro</strong></span> <span class='ocrx_word' id='word_1_264' title='bbox 627 3375 819 3438; x_wconf 84' lang='lat' dir='ltr'><strong>adiiciuntur</strong></span> <span class='ocrx_word' id='word_1_265' title='bbox 846 3375 886 3442; x_wconf 90' lang='lat' dir='ltr'><strong>de</strong></span> <span class='ocrx_word' id='word_1_266' title='bbox 916 3376 1024 3462; x_wconf 80' lang='lat' dir='ltr'><strong>prauis</strong></span> <span class='ocrx_word' id='word_1_267' title='bbox 1055 3373 1169 3438; x_wconf 85' lang='lat' dir='ltr'><strong>formis</strong></span> <span class='ocrx_word' id='word_1_268' title='bbox 1199 3375 1382 3451; x_wconf 83' lang='lat' dir='ltr'><strong>civitatium,</strong></span> 
     </span>
     <span class='ocr_line' id='line_1_32' title="bbox 207 3473 1381 3563; baseline -0.006 -23"><span class='ocrx_word' id='word_1_269' title='bbox 207 3473 335 3562; x_wconf 73' lang='lat' dir='ltr'><strong>&#39;hisque</strong></span> <span class='ocrx_word' id='word_1_270' title='bbox 369 3476 530 3540; x_wconf 79' lang='lat' dir='ltr'><strong>similibus</strong></span> <span class='ocrx_word' id='word_1_271' title='bbox 561 3477 726 3540; x_wconf 89' lang='lat' dir='ltr'><strong>homiuum</strong></span> <span class='ocrx_word' id='word_1_272' title='bbox 757 3482 909 3562; x_wconf 82' lang='lat' dir='ltr'><strong>ingeniis.</strong></span> <span class='ocrx_word' id='word_1_273' title='bbox 964 3477 1071 3541; x_wconf 85' lang='lat' dir='ltr'><strong>Huius</strong></span> <span class='ocrx_word' id='word_1_274' title='bbox 1102 3477 1266 3563; x_wconf 84' lang='lat' dir='ltr'><strong>pravitatis</strong></span> <span class='ocrx_word' id='word_1_275' title='bbox 1292 3477 1381 3558; x_wconf 84' lang='lat' dir='ltr'><strong>origo</strong></span> 
     </span>
     <span class='ocr_line' id='line_1_33' title="bbox 127 3573 1382 3666; baseline -0.001 -25"><span class='ocrx_word' id='word_1_276' title='bbox 127 3639 133 3648; x_wconf 87' lang='grc'><em>,</em></span> <span class='ocrx_word' id='word_1_277' title='bbox 219 3598 456 3663; x_wconf 84' lang='lat' dir='ltr'><strong>pravorumque</strong></span> <span class='ocrx_word' id='word_1_278' title='bbox 479 3579 627 3658; x_wconf 89' lang='lat' dir='ltr'><strong>inprimis</strong></span> <span class='ocrx_word' id='word_1_279' title='bbox 650 3591 853 3658; x_wconf 81' lang='lat' dir='ltr'><strong>tyrannorum</strong></span> <span class='ocrx_word' id='word_1_280' title='bbox 877 3591 909 3641; x_wconf 89' lang='lat' dir='ltr'><strong>et</strong></span> <span class='ocrx_word' id='word_1_281' title='bbox 935 3578 1114 3666; x_wconf 81' lang='lat' dir='ltr'><strong>tyrannidis</strong></span> <span class='ocrx_word' id='word_1_282' title='bbox 1138 3577 1287 3656; x_wconf 89' lang='lat' dir='ltr'><strong>miseria,</strong></span> <span class='ocrx_word' id='word_1_283' title='bbox 1322 3573 1382 3640; x_wconf 93' lang='lat' dir='ltr'><strong>hoc</strong></span> 
     </span>
     <span class='ocr_line' id='line_1_34' title="bbox 221 3675 1382 3766; baseline 0 -22"><span class='ocrx_word' id='word_1_284' title='bbox 221 3681 350 3744; x_wconf 82' lang='lat' dir='ltr'><strong>dentum</strong></span> <span class='ocrx_word' id='word_1_285' title='bbox 365 3677 438 3744; x_wconf 87' lang='lat' dir='ltr'><strong>loco</strong></span> <span class='ocrx_word' id='word_1_286' title='bbox 450 3699 559 3764; x_wconf 71' lang='lat' dir='ltr'><strong>‚usqrre</strong></span> <span class='ocrx_word' id='word_1_287' title='bbox 581 3677 621 3742; x_wconf 87' lang='lat' dir='ltr'><strong>ad</strong></span> <span class='ocrx_word' id='word_1_288' title='bbox 639 3675 699 3742; x_wconf 87' lang='lat' dir='ltr'><strong>IX.</strong></span> <span class='ocrx_word' id='word_1_289' title='bbox 718 3700 747 3762; x_wconf 91' lang='lat' dir='ltr'><strong>p.</strong></span> <span class='ocrx_word' id='word_1_290' title='bbox 764 3683 847 3743; x_wconf 87' lang='lat'><strong>580.</strong></span> <span class='ocrx_word' id='word_1_291' title='bbox 863 3679 902 3745; x_wconf 86' lang='lat' dir='ltr'><strong>C.</strong></span> <span class='ocrx_word' id='word_1_292' title='bbox 926 3685 1094 3766; x_wconf 85' lang='lat' dir='ltr'><strong>exposita,</strong></span> <span class='ocrx_word' id='word_1_293' title='bbox 1118 3675 1249 3745; x_wconf 81' lang='lat' dir='ltr'><strong>facilius</strong></span> <span class='ocrx_word' id='word_1_294' title='bbox 1266 3691 1382 3766; x_wconf 88' lang='lat' dir='ltr'><strong>quantu</strong></span> 
     </span>
    </p>
   </div>
   <div class='ocr_carea' id='block_1_16' title="bbox 219 3942 1381 4135">
    <p class='ocr_par' dir='ltr' id='par_1_17' title="bbox 219 3942 1381 4135">
     <span class='ocr_line' id='line_1_35' title="bbox 257 3942 1381 4044; baseline 0.005 -18"><span class='ocrx_word' id='word_1_295' title='bbox 257 3969 452 4044; x_wconf 75' lang='grc' dir='ltr'><strong>5)·Ἀλιότριοι</strong></span> <span class='ocrx_word' id='word_1_296' title='bbox 470 3972 709 4043; x_wconf 60' lang='lat' dir='ltr'><strong>erudimentum</strong></span> <span class='ocrx_word' id='word_1_297' title='bbox 725 3974 858 4041; x_wconf 74' lang='lat' dir='ltr'><strong>alienum,</strong></span> <span class='ocrx_word' id='word_1_298' title='bbox 882 3993 939 4030; x_wconf 90' lang='lat' dir='ltr'><strong>uun</strong></span> <span class='ocrx_word' id='word_1_299' title='bbox 959 3982 1017 4042; x_wconf 81' lang='lat' dir='ltr'><strong>est,</strong></span> <span class='ocrx_word' id='word_1_300' title='bbox 1037 3981 1070 4028; x_wconf 90' lang='lat' dir='ltr'><strong>ut</strong></span> <span class='ocrx_word' id='word_1_301' title='bbox 1085 3942 1294 4031; x_wconf 78' lang='lat' dir='ltr'><strong>Stellbuumius</strong></span> <span class='ocrx_word' id='word_1_302' title='bbox 1309 3975 1351 4030; x_wconf 74' lang='lat' dir='ltr'><strong>ud,</strong></span> <span class='ocrx_word' id='word_1_303' title='bbox 1361 3977 1381 4033; x_wconf 90' lang='lat' dir='ltr'><strong>l.</strong></span> 
     </span>
     <span class='ocr_line' id='line_1_36' title="bbox 219 4060 1381 4135; baseline 0.003 -24"><span class='ocrx_word' id='word_1_304' title='bbox 219 4089 223 4097; x_wconf 51' lang='grc' dir='ltr'>ι</span> <span class='ocrx_word' id='word_1_305' title='bbox 291 4060 403 4130; x_wconf 58' lang='grc' dir='ltr'><strong>ΜΗ.</strong></span> <span class='ocrx_word' id='word_1_306' title='bbox 420 4061 452 4112; x_wconf 83' lang='lat' dir='ltr'><strong>G.</strong></span> <span class='ocrx_word' id='word_1_307' title='bbox 469 4061 693 4128; x_wconf 81' lang='lat' dir='ltr'><strong>interpretetur,</strong></span> <span class='ocrx_word' id='word_1_308' title='bbox 713 4078 790 4132; x_wconf 82' lang='lat' dir='ltr'><strong>„per</strong></span> <span class='ocrx_word' id='word_1_309' title='bbox 813 4065 887 4135; x_wconf 76' lang='lat' dir='ltr'><strong>alios</strong></span> <span class='ocrx_word' id='word_1_310' title='bbox 908 4064 1122 4133; x_wconf 54' lang='lat' dir='ltr'><strong>aequimanum</strong></span> <span class='ocrx_word' id='word_1_311' title='bbox 1147 4064 1198 4118; x_wconf 86' lang='lat' dir='ltr'><strong>sed</strong></span> <span class='ocrx_word' id='word_1_312' title='bbox 1227 4081 1290 4126; x_wconf 78' lang='lat' dir='ltr'><strong>res,</strong></span> <span class='ocrx_word' id='word_1_313' title='bbox 1316 4079 1381 4132; x_wconf 86' lang='lat' dir='ltr'><strong>quae</strong></span> 
     </span>
    </p>
   </div>
   <div class='ocr_carea' id='block_1_17' title="bbox 229 4143 1490 4305">
    <p class='ocr_par' dir='ltr' id='par_1_18' title="bbox 229 4143 1490 4305">
     <span class='ocr_line' id='line_1_37' title="bbox 290 4143 1476 4220; baseline 0.006 -21"><span class='ocrx_word' id='word_1_314' title='bbox 290 4146 397 4200; x_wconf 88' lang='lat' dir='ltr'><strong>bunum</strong></span> <span class='ocrx_word' id='word_1_315' title='bbox 421 4151 467 4220; x_wconf 86' lang='lat' dir='ltr'><strong>est</strong></span> <span class='ocrx_word' id='word_1_316' title='bbox 486 4143 515 4198; x_wconf 85' lang='lat' dir='ltr'><strong>lr.</strong></span> <span class='ocrx_word' id='word_1_317' title='bbox 540 4161 566 4198; x_wconf 86' lang='lat' dir='ltr'><strong>e.</strong></span> <span class='ocrx_word' id='word_1_318' title='bbox 592 4149 712 4217; x_wconf 89' lang='lat' dir='ltr'><strong>prodest</strong></span> <span class='ocrx_word' id='word_1_319' title='bbox 736 4165 807 4212; x_wconf 86' lang='lat' dir='ltr'><strong>uun,</strong></span> <span class='ocrx_word' id='word_1_320' title='bbox 833 4156 867 4203; x_wconf 88' lang='lat' dir='ltr'><strong>ut</strong></span> <span class='ocrx_word' id='word_1_321' title='bbox 890 4151 1023 4218; x_wconf 84' lang='lat' dir='ltr'><strong>pecunie,</strong></span> <span class='ocrx_word' id='word_1_322' title='bbox 1049 4152 1225 4218; x_wconf 83' lang='lat' dir='ltr'><strong>possessori,</strong></span> <span class='ocrx_word' id='word_1_323' title='bbox 1252 4151 1301 4202; x_wconf 86' lang='lat' dir='ltr'><strong>sed</strong></span> <span class='ocrx_word' id='word_1_324' title='bbox 1326 4147 1380 4208; x_wconf 86' lang='lat' dir='ltr'><strong>atii,</strong></span> <span class='ocrx_word' id='word_1_325' title='bbox 1471 4202 1476 4206; x_wconf 82' lang='lat'><strong>.</strong></span> 
     </span>
     <span class='ocr_line' id='line_1_38' title="bbox 229 4232 1490 4305; baseline -0.004 -19"><span class='ocrx_word' id='word_1_326' title='bbox 229 4271 231 4276; x_wconf 85' lang='lat'>-</span> <span class='ocrx_word' id='word_1_327' title='bbox 293 4233 356 4286; x_wconf 85' lang='lat' dir='ltr'><strong>scil.</strong></span> <span class='ocrx_word' id='word_1_328' title='bbox 374 4237 408 4284; x_wconf 84' lang='lat' dir='ltr'><strong>ut</strong></span> <span class='ocrx_word' id='word_1_329' title='bbox 430 4232 497 4286; x_wconf 84' lang='lat' dir='ltr'><strong>leun</strong></span> <span class='ocrx_word' id='word_1_330' title='bbox 520 4233 597 4297; x_wconf 77' lang='lat' dir='ltr'><strong>orii,</strong></span> <span class='ocrx_word' id='word_1_331' title='bbox 626 4234 741 4288; x_wconf 90' lang='lat' dir='ltr'><strong>domiuo</strong></span> <span class='ocrx_word' id='word_1_332' title='bbox 759 4237 946 4305; x_wconf 80' lang='lat' dir='ltr'><strong>possessuris.</strong></span> <span class='ocrx_word' id='word_1_333' title='bbox 978 4236 1077 4290; x_wconf 77' lang='lat' dir='ltr'><strong>Iustus</strong></span> <span class='ocrx_word' id='word_1_334' title='bbox 1100 4237 1206 4304; x_wconf 82' lang='lat' dir='ltr'><strong>igitur,</strong></span> <span class='ocrx_word' id='word_1_335' title='bbox 1234 4237 1275 4288; x_wconf 82' lang='lat' dir='ltr'><strong>sic</strong></span> <span class='ocrx_word' id='word_1_336' title='bbox 1298 4232 1382 4284; x_wconf 83' lang='lat' dir='ltr'><strong>Thra·</strong></span> <span class='ocrx_word' id='word_1_337' title='bbox 1487 4275 1490 4281; x_wconf 92' lang='lat'><strong>.</strong></span> 
     </span>
    </p>
   </div>
   <div class='ocr_carea' id='block_1_18' title="bbox 292 4317 1382 4480">
    <p class='ocr_par' dir='ltr' id='par_1_19' title="bbox 292 4317 1382 4480">
     <span class='ocr_line' id='line_1_39' title="bbox 292 4317 1382 4400; baseline 0.003 -30"><span class='ocrx_word' id='word_1_338' title='bbox 292 4317 444 4387; x_wconf 78' lang='lat' dir='ltr'><strong>symachus</strong></span> <span class='ocrx_word' id='word_1_339' title='bbox 467 4321 586 4382; x_wconf 71' lang='lat' dir='ltr'><strong>statuit,</strong></span> <span class='ocrx_word' id='word_1_340' title='bbox 609 4323 658 4390; x_wconf 88' lang='lat' dir='ltr'><strong>qui</strong></span> <span class='ocrx_word' id='word_1_341' title='bbox 683 4324 775 4376; x_wconf 85' lang='lat' dir='ltr'><strong>servit</strong></span> <span class='ocrx_word' id='word_1_342' title='bbox 790 4324 965 4392; x_wconf 84' lang='lat' dir='ltr'><strong>potentiori,</strong></span> <span class='ocrx_word' id='word_1_343' title='bbox 990 4338 1025 4376; x_wconf 89' lang='lat' dir='ltr'><strong>ex</strong></span> <span class='ocrx_word' id='word_1_344' title='bbox 1050 4339 1102 4376; x_wconf 83' lang='lat' dir='ltr'><strong>suu</strong></span> <span class='ocrx_word' id='word_1_345' title='bbox 1120 4325 1233 4400; x_wconf 75' lang='lat' dir='ltr'><strong>iustitio</strong></span> <span class='ocrx_word' id='word_1_346' title='bbox 1252 4333 1306 4370; x_wconf 88' lang='lat' dir='ltr'><strong>nou</strong></span> <span class='ocrx_word' id='word_1_347' title='bbox 1325 4319 1382 4387; x_wconf 81' lang='lat' dir='ltr'><strong>ipse</strong></span> 
     </span>
     <span class='ocr_line' id='line_1_40' title="bbox 293 4405 1355 4480; baseline 0.005 -25"><span class='ocrx_word' id='word_1_348' title='bbox 293 4405 530 4474; x_wconf 70' lang='lat' dir='ltr'><strong>capitdructunr,</strong></span> <span class='ocrx_word' id='word_1_349' title='bbox 548 4405 599 4460; x_wconf 85' lang='lat' dir='ltr'><strong>red</strong></span> <span class='ocrx_word' id='word_1_350' title='bbox 620 4407 767 4462; x_wconf 85' lang='lat' dir='ltr'><strong>damnum:</strong></span> <span class='ocrx_word' id='word_1_351' title='bbox 786 4410 945 4478; x_wconf 86' lang='lat' dir='ltr'><strong>potentiori</strong></span> <span class='ocrx_word' id='word_1_352' title='bbox 962 4410 1081 4480; x_wconf 85' lang='lat' dir='ltr'><strong>prodest</strong></span> <span class='ocrx_word' id='word_1_353' title='bbox 1101 4411 1220 4468; x_wconf 83' lang='lat' dir='ltr'><strong>alterius</strong></span> <span class='ocrx_word' id='word_1_354' title='bbox 1237 4406 1355 4460; x_wconf 82' lang='lat' dir='ltr'><strong>iustitia.</strong></span> 
     </span>
    </p>
   </div>
   <div class='ocr_carea' id='block_1_19' title="bbox 0 0 1524 5014">
    <p class='ocr_par' dir='ltr' id='par_1_20' title="bbox 0 0 1524 5014">
     <span class='ocr_line' id='line_1_41' title="bbox 0 0 1524 5014; baseline 0 0"><span class='ocrx_word' id='word_1_355' title='bbox 0 0 1524 5014; x_wconf 95' lang='lat' dir='ltr'><strong> </strong></span> 
     </span>
    </p>
   </div>
  </div>
 </body>
</html>
