3038 4976
687 183 989 294 -nx-

261 426 356 498 nonss'
395 415 445 490 llt
471 432 560 486 sane
590 401 658 484 hdr
685 431 813 484 verum
840 419 916 499 est,
947 409 1189 504 tentabatqne
1213 410 1344 484 multis
1365 413 1438 484 ab·

250 560 348 630 ‚hino
382 549 490 624 annis
516 546 628 618 etiam
666 546 707 616 in
742 543 929 616 Societute
961 538 1111 616 Graeua
1142 543 1191 616 Δ.
1213 541 1439 632 ¹Soidlerms,

171 691 175 698 “
264 691 336 786 qni
354 681 565 776 'Sophoclea
590 678 767 752 nonnulla
790 677 924 750 iisdem
955 677 1084 756 metris
1108 676 1150 748 in
1174 685 1339 750 noemin
1360 678 1440 748 lin·

264 841 375 919 gnam
406 813 657 890 transferebat
689 809 976 904 elegantissime.
1037 808 1116 881 Sed
1156 808 1310 881 avuonvi
1343 831 1441 881 enm

265 979 336 1052 eqo
360 955 407 1022 ab
431 949 505 1018 isto
530 944 673 1032 studio,
704 945 811 1036 quia,
838 964 951 1037 qnnrn
977 963 1023 1016 ea
1037 963 1107 1032 „res
1133 941 1355 1014 diffieillima
1384 943 1441 1014 sit
1479 987 1480 990 π

257 1099 305 1160 et
330 1083 525 1178 plurimam
551 1097 701 1170 operam
726 1099 771 1148 an
801 1077 941 1170 limam⁴
963 1075 1149 1170 requirat,
1188 1099 1263 1148 non
1294 1087 1354 1149 est
1383 1079 1441 1149 ad

261 1241 350 1294 eam
376 1215 492 1286 otium
523 1193 560 1281 ei
592 1211 724 1305 quise
752 1209 981 1302 philologum
1009 1219 1203 1303 praestare
1229 1210 1441 1282 eonstituit.
1480 1261 1481 1308 q

269 1354 327 1426 Ae
350 1348 430 1420 vidi
454 1367 528 1416 nun
553 1344 674 1416 solnm
697 1345 815 1415 malos
834 1317 1043 1437 philologus
1067 1361 1151 1416 esse
1174 1343 1238 1435 qni
1252 1345 1441 1416 vertendo
1480 1327 1481 1330 ¹

270 1486 425 1560 multum
459 1485 749 1570 ocenparentur,
786 1475 1060 1546 verumetiam
1096 1476 1214 1548 hunos
1246 1485 1285 1548 et
1311 1477 1442 1567 ularos

260 1617 497 1714 philologos,
528 1620 721 1702 postquam
746 1627 789 1678 se
812 1606 1102 1680 advertendum
1127 1609 1336 1696 dedissent,
1371 1609 1443 1680 he·

115 1841 118 1851 Ι
272 1754 426 1823 hesuere
447 1743 676 1835 multumque
700 1729 748 1812 de
773 1738 933 1832 pristina
951 1741 1088 1814 virtute
1114 1744 1315 1816 remittere.
1349 1741 1442 1814 Non

273 1887 396 1954 movet
423 1858 489 1947 ine·
503 1876 600 1970 quud
618 1874 695 1946 ista
719 1871 866 1946 laudari
885 1873 1004 1946 video.¹
1038 1873 1244 1971 Numquid
1267 1875 1444 1969 estquod

272 2035 348 2088 non
387 2010 578 2092 landetur,
600 2005 702 2078 ‘aliis
743 2027 837 2101 qnae
876 2007 936 2078 vir
967 2007 1104 2102 aliquis
1137 2009 1444 2082 multinominis

224 2181 229 2189 ,
262 2145 366 2220 -l'aoit
397 2141 523 2214 omnia
561 2140 818 2228 laudantibus,
863 2139 948 2212 aliis
977 2150 1105 2212 antem
1136 2143 1444 2234 praedieentibns

259 2300 340 2384 gens
366 2299 390 2350 a
415 2276 565 2369 qnihnsj
581 2273 844 2366 praedicantur
873 2273 968 2386 ipsi,
1000 2295 1073 2368 qno
1102 2295 1198 2348 sane.
1219 2276 1262 2348 lit
1283 2286 1324 2348 ot
1347 2275 1445 2346 utri·

149 2427 152 2432 “
278 2433 349 2506 qne
388 2406 530 2478 laudati
562 2406 609 2474 ab
643 2404 805 2476 laudatis
831 2403 931 2486 ,viris
963 2406 1049 2476 sint,
1108 2403 1186 2478 Sed
1215 2407 1287 2480 hoo
1320 2425 1445 2502 genus

264 2535 549 2632 ‹interpretandi
579 2555 693 2626 quum
727 2555 957 2606 removerem
974 2538 1035 2626 ¹ah
1054 2534 1256 2636 ,serietate
1280 2535 1448 2626 Graeca,

278 2686 405 2747 tamen
430 2687 541 2760 saepe
568 2666 672 2738 suasi
690 2675 808 2760 atque
828 2666 1002 2739 hortatae
1022 2689 1124 2756 sum,
1157 2669 1194 2764 si
1219 2670 1303 2763 quis
1323 2671 1364 2740 in
1389 2673 1448 2742 lo-

241 2815 363 2884 ‚enm
390 2778 639 2876 difficiliorem
665 2799 876 2890 ineidissot,
906 2819 992 2874 eum
1022 2813 1067 2876 ut
1096 2801 1156 2884 vel
1189 2802 1230 2874 in
1264 2799 1448 2877 Latinam

176 2961 180 2968 ·
269 2943 341 3014 'vel
364 2941 407 3010 in
433 2935 592 3028 patriam
623 2933 791 3026 linguam
816 2945 1066 3024 converteret,
1105 2958 1179 3030 quo
1199 2934 1319 3028 magis
1345 2955 1447 3035 quae

269 3075 320 3144 :in
350 3064 509 3142 Graecis
552 3067 727 3151 obseura,
778 3065 1017 3154 inconcinna,
1053 3075 1273 3160 perversa,
1307 3067 1447 3140 vitiosa

280 3210 406 3276 essent
439 3199 667 3268 elucesueret
702 3195 926 3292 faciliusque
966 3199 1343 3292 deprehenderemus
1373 3196 1447 3271 list

271 3343 405 3410 ¹autem
431 3329 539 3402 alind
558 3329 669 3423 longe
697 3328 746 3444 ab
763 3329 838 3404 illio
867 3329 1062 3414 diversum
1082 3351 1201 3427 genus
1223 3334 1445 3425 interpretu-

109 3499 117 3512 ·
272 3469 427 3554 tionis,
444 3463 541 3556 quod
573 3463 663 3534 item
693 3484 768 3546 non
800 3465 1068 3538 admittendum
1099 3467 1213 3552 duxi,
1231 3521 1237 3531 ,
1252 3465 1327 3536 etri
1354 3485 1445 3536 nun·

213 3649 230 3658 .,
273 3599 403 3672 :nullos
438 3613 526 3667 esse
553 3593 662 3664 viden
694 3593 760 3686 qni
793 3594 836 3664 id
864 3594 976 3666 unire
1007 3596 1198 3686 probant,
1224 3603 1266 3666 ut
1297 3596 1339 3694 in
1352 3617 1445 3688 ·.qun

123 3755 130 3766 ·
196 3733 198 3738 ’
273 3732 439 3803 demum
457 3725 557 3796 iusta
589 3733 701 3819 etque
734 3725 904 3817 omnihus
930 3726 1095 3798 numeria
1128 3728 1299 3824 absolata
1331 3728 1445 3802 inter-

184 3885 202 3939 ς
277 3859 439 3956 pretatis
463 3865 654 3944 seruatur,
687 3859 792 3950 qnod
810 3879 928 3950 geum
954 3859 1114 3973 positum
1137 3860 1230 3948 est
1217 3881 1258 3934 ιιι
1282 3859 1446 3978 expliea-

259 3993 384 4066 «riom
415 3990 578 4061 omnium
612 3991 895 4064 vocabulorum
905 4005 948 4064 et
975 3962 1290 4080 formuleinm,
1278 4015 1335 4064 m
1352 4012 1444 4064 eom-

275 4121 475 4218 paratione
496 4123 694 4194 multorum
719 4122 898 4222 similium
921 4103 1244 4216 exemplorum,
1232 4148 1272 4196 nn
1297 4123 1444 4217 amplis·

252 4257 375 4334 rima
395 4254 455 4329 nei
479 4254 657 4348 uniusque
684 4256 937 4343 enarratione,
968 4256 1129 4351 deniqne
1151 4259 1192 4332 in
1216 4257 1440 4332 divinatione

273 4388 437 4480 quadam
456 4405 582 4458 renum
605 4388 989 4480 abstrusissimarum,
1020 4411 1114 4486 quas
1139 4395 1187 4470 ah
1212 4408 1254 4466 se
1280 4387 1362 4482 ipro
1385 4387 1438 4464 la·
