3056 4986
453 137 899 313 “-ιιι-

156 374 307 458 pr.obuut
355 377 482 441 Etenim
503 335 651 462 parente-s
670 390 701 441 et
719 381 892 464 propinqui
909 380 1106 466 coniugium
1111 400 1245 446 assensu
1261 401 1320 449 suo

162 476 369 560 comprobare
399 494 431 544 et
458 477 664 564 sponsalibus
687 483 843 545 interesse
875 479 1036 544 debebant
1055 483 1096 564 4)
1157 482 1266 548 Verba
1289 493 1322 548 et

163 580 284 667 (inter)
307 587 382 645 e'rtru
402 587 632 647 successionum
652 599 818 648 converto:
845 583 1023 671 unterdem
1042 604 1082 646 zu
1101 582 1320 650 vererbendeu

162 679 244 760 Gut,
273 697 366 746 uuter
387 683 460 767 dem
484 679 567 751 Erbe
588 685 644 748 des
669 685 797 750 Hauses
823 686 844 747 ἰ.
868 706 897 748 e.
927 683 988 750 boc
1008 683 1098 747 loeo:
1128 700 1221 751 unter
1246 687 1320 752 dom

161 767 393 867 llecrgeriilbe.
443 783 542 850 Addit
561 784 693 852 Tacitus
709 777 749 850 dc
766 808 824 864 eo,
852 787 936 872 quod
954 786 1089 850 maritus
1114 789 1209 850 uxori
1234 789 1319 852 dotis

160 884 361 950 leocadiert
381 889 414 950 in
436 907 551 952 novam
572 886 747 952 familiam:
772 888 831 952 boc
852 896 1024 954 amineum
1037 891 1215 967 viaculum,
1240 889 1335 956 auec.

160 975 285 1058 αἰοιιιιιι
305 1009 418 1064 erroro,
440 987 496 1053 tor
512 992 700 1073 corriugulee
717 979 793 1055 deor
805 989 1019 1054 arbitraretur.
1070 989 1125 1052 Ex
1143 987 1194 1052 bis
1211 987 1319 1054 verbis

162 1091 379 1206 cognoscitur,
419 1088 652 1175 suppellectilis
683 1093 855 1156 castrensis
887 1089 1067 1156 illationem
1102 1093 1319 1156 necessarium
1396 1115 1402 1128 ·

162 1191 304 1276 coniugii
329 1188 467 1278 legitimi
495 1195 622 1278 signum
653 1215 692 1257 ac
716 1181 940 1260 documentum
970 1194 1093 1270 fuisse,
1126 1194 1208 1258 sicut
1234 1193 1321 1279 ap'ud

50 1375 57 1381 Ι
159 1291 284 1357 Atticos
305 1293 364 1357 dos
385 1294 522 1391 (προίξ)
548 1297 732 1360 necessario
756 1296 796 1359 ad
816 1297 998 1382 coniugium
1014 1294 1213 1379 legitimum,
1235 1295 1321 1382 quod

78 1394 84 1404 “
110 1451 114 1458 .
132 1435 136 1440 -
161 1416 181 1457 a
199 1381 409 1460 concubinatu
425 1410 456 1459 et
473 1396 679 1462 contubernio
692 1399 850 1475 differret,
873 1395 1001 1481 legibus
1015 1397 1127 1480 patriis
1141 1396 1321 1481 requireba·
1411 1389 1414 1394 ¹

159 1510 221 1559 tur.
273 1493 408 1561 Tacitus
437 1509 606 1580 praeterea
628 1499 724 1580 dicit,
754 1496 897 1562 oblatam
916 1512 1036 1563 vestem
1060 1495 1208 1560 bellicam
1233 1499 1321 1581 apud

127 1605 130 1610 “
159 1590 340 1662 Germanos
367 1599 468 1662 fuisse
488 1597 560 1664 loco
583 1599 747 1664 Romanae
770 1593 1036 1665 confarreationis
1058 1599 1156 1680 (uam
1183 1619 1223 1661 ea
1246 1612 1321 1664 sunt

159 1721 283 1764 arcuna
305 1721 419 1779 rueret,
450 1721 532 1785 quae
556 1723 595 1766 ex
618 1717 810 1768 nostro-usu
841 1701 993 1788 loquendi
1020 1701 1142 1764 dixeris
1164 1697 1321 1787 Trauuug

147 1789 223 1864 ''uud
244 1801 491 1890 Einsegnuug);
520 1817 552 1867 et
571 1802 637 1868 illis
659 1803 851 1869 utensilibus
869 1802 993 1868 bellicis
1010 1803 1110 1866 illatis
1134 1803 1321 1889 coniugium

159 1901 323 1988 significat
352 1917 503 1990 tanquam
528 1907 590 1970 ritu
620 1927 713 1971 sacro
743 1909 901 1971 sancitum
922 1926 1011 1972 esse:
1046 1903 1102 1968 boe
1131 1907 1341 1988 coniugata-

161 2005 236 2076 deoc
254 2005 473 2085 arbitrantur,
500 2020 533 2070 et
548 2006 645 2091 paulo
659 2020 740 2092 post
754 2007 839 2072 bano
861 2020 1035 2092 apparatus
1057 2002 1168 2093 bellici
1182 2003 1319 2070 oblatio·
1365 2039 1371 2044 ·
1392 2025 1397 2034 “

160 2126 233 2170 nem
249 2121 418 2192 propterea
431 2109 507 2172 dicit
520 2116 703 2193 circope'erete‘o
724 2115 922 2176 matrimonii
937 2113 1092 2192 auspiciu
1145 2104 1319 2172 Probabile

92 2243 96 2252 ‹
159 2207 239 2270 mihi
262 2210 401 2286 videtur,
424 2211 504 2272 resti
529 2207 664 2276 bellicae
688 2231 780 2274 suum
801 2213 835 2274 in
854 2211 950 2274 domo
966 2223 997 2274 et
1012 2207 1192 2294 proprium,
1213 2207 1319 2272 illum-

145 2331 222 2392 -que
245 2311 336 2394 quasi
358 2321 517 2374 sacratum
539 2308 645 2388 lupum
668 2312 788 2388 luisse,
823 2298 916 2396 quem
947 2309 1052 2394 pollui
1083 2321 1115 2372 et
1147 2309 1320 2376 buriruida

158 2413 181 2474 i.
199 2433 226 2476 e.
249 2409 359 2475 hostili
376 2414 551 2496 irruptione
573 2412 687 2478 violari
710 2434 808 2476 causa
819 2412 1005 2492 videbatur,
1022 2413 1056 2474 in
1072 2399 1136 2496 qu'a
1151 2412 1319 2475 existima·
1390 2471 1395 2493 κ
1444 2415 1449 2424 ’

159 2515 205 2576 tio
221 2512 464 2596 patrisfamilias
479 2512 644 2598 bellatoris
659 2527 824 2602 ageretur,
848 2517 930 2605 quod
946 2518 1066 2581 crimen
1083 2513 1217 2578 adaucta
1234 2535 1320 2577 oom-

157 2617 318 2699 positionc
341 2614 505 2680 multatum
529 2637 602 2680 erse
624 2639 722 2704 saepe
744 2614 875 2704 legitur.
922 2613 1158 2696 Eodemloco,
1191 2616 1231 2679 de
1255 2636 1318 2701 quo

159 2719 301 2800 agimus,
328 2714 459 2781 Tacitus
483 2721 676 2782 mentionem
700 2720 777 2784 facit
801 2717 987 2783 hereditatis
1012 2715 1201 2796 mulierum,
1238 2738 1320 2802 quae

160 2820 199 2880 ad
213 2816 299 2881 filias
313 2816 454 2881 familiae
470 2817 667 2901 pertinebat,
688 2833 772 2884 certo
795 2819 932 2937 exlege
953 2818 1208 2902 Thuringorum,
1229 2817 1319 2880 Lau·
1368 2849 1371 2856 ·

160 2917 396 3004 gobardornm,
437 2917 510 3004 lege
540 2918 663 2996 Salica,
704 2941 786 3005 quae
814 2923 962 2986 strictiori
993 2939 1089 2983 seusu
1114 2920 1248 2992 dicitur,
1288 2931 1321 2981 et

159 3019 234 3084 aliis
255 3023 310 3106 44).
333 3027 335 3031 ’
359 3020 408 3084 Ea
432 3023 537 3084 medio
561 3043 641 3086 aevo
665 3020 978 3099 circummurale,
1006 3020 1139 3086 Gerudu
1162 3021 1184 3082 i.
1202 3041 1230 3082 e.
1255 3016 1320 3082 Ge·
1344 3003 1365 3078 .’

157 3121 267 3200 nitho,
293 3127 435 3208 itemque
463 3121 574 3208 Spelit
597 3125 683 3188 collui
735 3123 908 3208 Speculum
933 3124 1100 3188 Saxonum
1124 3119 1195 3184 libr.
1213 3125 1245 3184 3.
1260 3133 1320 3184 art.

162 3231 219 3289 15.
240 3228 270 3302 9.
299 3231 333 3290 3.
359 3233 416 3310 qui
434 3228 659 3310 expeditorum
679 3247 732 3289 ree
753 3227 813 3290 boc
836 3239 885 3292 ert
909 3247 1003 3308 terma
1028 3225 1147 3312 bellica
1164 3224 1319 3306 portulet,

158 3336 298 3410 aguntur
315 3345 359 3389 eu
368 3335 468 3409 purte
482 3327 592 3408 gladii
608 3327 688 3411 (des
703 3325 864 3409 Manuos)
883 3349 951 3390 eree
967 3326 1078 3398 deden
1105 3323 1151 3387 ad
1167 3326 1320 3388 uteuae'lio

158 3447 235 3491 oero
255 3447 312 3490 eeu
335 3424 500 3490 Garadum
522 3436 676 3510 cogantur
703 3427 740 3490 e'd
760 3438 808 3490 eet
829 3447 874 3491 ex
892 3436 991 3510 purte
1005 3426 1086 3502 fiere·
1102 3444 1158 3486 eeu
1177 3425 1322 3496 mulieris

160 3529 326 3594 detruncat
350 3524 542 3594 udme'ttitur.
604 3523 699 3602 Quor
721 3526 774 3590 lric
798 3527 935 3619 Geroda
957 3523 1155 3612 appellatur,
1186 3525 1218 3585 in
1247 3521 1319 3586 lure

160 3629 343 3714 municipali
378 3627 611 3715 (Weiolrbild)
643 3627 945 3716 Magdeburgiart.
977 3634 1036 3694 23.
1075 3632 1134 3690 26.
1171 3629 1228 3690 57.
1262 3628 1318 3688 58.
1380 3668 1384 3679 1

154 3731 384 3816 parapherreue
407 3731 536 3796 dicitur:
586 3731 811 3816 Paraphcrnas
846 3730 911 3815 (ibi
943 3735 1009 3818 est)
1042 3727 1185 3812 intellige
1215 3746 1320 3791 omnes
1360 3773 1377 3820 ·,

159 3843 260 3898 certer
293 3833 480 3913 mreliedree,
520 3841 637 3898 terrione
660 3854 786 3917 punitor
815 3844 850 3898 et
869 3836 964 3900 telem
990 3832 1101 3898 itidem
1125 3849 1250 3893 caerem
1275 3827 1322 3892 ad
1379 3911 1386 3919 Ι

164 4002 443 4016 Μ

195 4092 269 4153 4)ι.
281 4088 422 4142 Dithmar.
442 4089 477 4140 ed
495 4089 589 4140 Tacit.
610 4087 704 4142 Germ
721 4105 748 4159 p
767 4090 825 4142 108.

193 4176 230 4240 4)
257 4173 300 4226 De
325 4176 388 4242 lege
415 4174 511 4226 Salios
537 4173 601 4225 adi
608 4175 770 4241 Montesqu
790 4173 873 4240 Espr.
892 4172 919 4223 d.
940 4171 995 4226 lois
1019 4171 1061 4232 18,
1079 4173 1121 4221 22.
1146 4183 1175 4236 p.
1191 4166 1242 4218 283
1261 4181 1321 4234 sqq.

229 4258 296 4314 coll.
316 4259 410 4312 Tacit,
426 4258 521 4313 Germ
540 4275 565 4314 c.
579 4261 645 4324 2⁰,
674 4258 722 4326 qui
742 4259 822 4310 locus
840 4257 955 4325 egregie
973 4258 1177 4318 illustraturp.
1197 4251 1256 4302 267.
1356 4330 1365 4339 .

950 4343 1002 4416 Β.
