3056 4986
430 207 432 216 ’
543 247 602 263 --
662 203 862 321 ros-
979 189 981 196 ‘

120 406 329 476 nPlaiareho
352 397 420 472 Via
445 401 607 468 Aleibiarl.
630 427 661 490 p.
685 409 769 484 193,
784 402 824 467 Α.
852 427 879 469 ο.
904 405 937 470 3
961 404 1079 492 (to
1039 431 1077 501 τη
1104 405 1290 498 Σιβυρτίου

121 510 330 599 παλαίστρα)
364 520 614 572 commemorota
649 507 716 588 sit,
755 505 913 570 mollem
911 523 1018 593 atque
1050 511 1289 576 effoeminatnm
1357 495 1376 532 ³

22 633 36 644 ’
122 616 287 680 hominem
314 626 346 676 et
372 632 391 674 a
418 603 560 694 eorporis
593 610 829 673 exercitatione
862 608 1052 689 alienum,
1064 616 1289 677 exercitatoris

96 739 102 759 ⁸
124 711 386 804 (παιδοτρίβου)
408 709 556 776 fffittnm
547 731 655 774 tooose
678 714 797 776 rotari.
835 711 966 776 Paullo
995 711 1114 795 melius
1139 715 1289 795 dixisset,

125 819 326 885 Clisthenem
349 813 514 878 masculae
536 810 686 876 Veneris
710 815 883 899 enpitorem
910 817 945 879 in
968 814 1138 899 palaestris
1167 819 1290 882 animos

125 939 298 1009 puerorum
314 929 457 981 tentasse
473 916 570 1003 (Pae.
589 921 673 982 746.

645 1009 720 1104 οὐχὶ
745 1015 950 1110 παλαίστρας
979 1020 1181 1110 περινοστῶν

231 1125 354 1200 παῖδας
373 1123 569 1210 &melpum

130 1230 193 1292 nist
183 1226 477 1312 platteoximium
494 1226 596 1288 virum
610 1223 720 1323 opinio
732 1220 913 1287 fefellisset.
948 1223 1080 1286 Etenim
1092 1222 1292 1290 Clisthenem

129 1329 269 1412 Sibyrtio
285 1342 374 1415 petre
390 1343 499 1390 natum
522 1347 594 1390 essa
621 1311 811 1389 confirmant
835 1327 931 1388 etiarn
950 1325 1114 1389 Suirlass.
1132 1327 1294 1395 Κλεισθί·

131 1455 196 1515 νην
214 1455 298 1516 epa
326 1428 447 1492 Soholl
469 1427 510 1489 ed
532 1427 669 1510 Lysistr.
687 1448 716 1491 v.
733 1432 842 1492 1099.
865 1440 898 1490 et
912 1427 952 1488 ad
968 1425 1049 1489 Ran
1065 1447 1094 1490 v
1112 1433 1171 1491 48.
1163 1469 1190 1503 .,
1211 1449 1295 1512 qnos
1330 1430 1336 1439 '
1370 1447 1373 1452 ·

133 1553 247 1598 manes
265 1530 306 1594 sb
320 1531 382 1593 hoe
398 1549 462 1593 uno
475 1528 568 1604 loeo,
590 1521 825 1608 Κλεισθένης
810 1548 828 1594 ο
845 1527 1048 1614 Σιβυρτίου,
1074 1530 1232 1614 pendere,
1258 1542 1294 1594 nt

132 1639 168 1700 in
183 1635 313 1699 homine
329 1633 515 1707 notissimo,
536 1653 650 1716 perum
666 1629 820 1696 credibile
836 1644 895 1694 est.
930 1631 1030 1723 Porro
1046 1646 1154 1696 antem
1168 1631 1295 1696 Comini

133 1759 199 1826 non
214 1736 317 1802 solam
335 1734 440 1798 falsos
457 1747 565 1818 patres
578 1733 708 1798 ludibrii
730 1736 834 1820 gratia
857 1736 1090 1814 eruentiuntur,
1118 1735 1295 1799 sedetiam
1370 1745 1374 1759 ⁴
1434 1725 1440 1746 '

133 1842 205 1905 veri
225 1839 326 1924 patris
347 1857 464 1900 nornen
487 1851 574 1901 eerta
593 1837 638 1901 de·
656 1857 755 1900 eausa
778 1857 877 1920 saepe
897 1838 1065 1918 adiiciunt,
1087 1848 1121 1900 nt
1142 1857 1207 1900 une
1222 1849 1295 1901 enni

135 1942 206 2012 lilio
222 1956 346 2028 patrem
366 1961 493 2026 quoque
504 1939 671 2004 irrideant.
719 1936 813 2003 Nune
828 1940 902 2002 vide
919 1939 999 2002 mihi
1016 1937 1214 2022 Stephanum
1231 1937 1297 2022 Ry-

134 2045 291 2112 aantinm:
340 2043 523 2131 Σλβορτος,
559 2040 654 2120 πόλις
686 2037 828 2129 Κράτης·
866 2035 904 2108 τὸ
937 2035 1075 2110 somnio
1102 2039 1296 2129 Σιβύρτιος,

92 2169 95 2176 ·
135 2140 181 2225 ὡς
207 2141 374 2232 Πολύβιος
407 2152 441 2212 λιι
472 2140 733 2231 τρισκαιδεκάτῳ.
789 2145 844 2207 Ex
885 2141 937 2206 hie
970 2146 1132 2228 auspicor,
1172 2157 1297 2228 patrem

22 2238 25 2248 ’
106 2248 313 2313 'Clisthenis
342 2248 442 2310 inisse
472 2243 658 2310 Cretensem
681 2255 714 2308 et
734 2242 863 2328 Sibyrto
887 2246 1067 2310 oriundum.
1126 2245 1181 2310 Sio
1209 2249 1298 2309 enim
1343 2237 1350 2254 '

137 2349 316 2426 Clistheni,
343 2347 476 2432 Sibyrtu
492 2350 531 2423 1
558 2348 795 2435 quodammodo
815 2349 1029 2434 peregrinitas
1046 2345 1087 2410 ab
1104 2345 1303 2432 Aristopha-r

137 2475 181 2518 rre
204 2449 462 2537 exprobrabitur.
513 2448 699 2515 Verisimile
730 2463 780 2514 est
806 2464 929 2525 mrtem,
965 2461 1088 2534 petrem
1118 2441 1301 2516 Clisthenis·

135 2557 194 2626 τὸν
215 2551 403 2645 Σιβύρτιον
426 2551 523 2640 volgo
542 2552 679 2618 Athenis
700 2566 846 2617 vocatum
868 2573 952 2637 esse.
1018 2549 1182 2640 Dein'oeps
1204 2571 1298 2618 versu

137 2660 288 2745 proximo
311 2657 519 2741 paederastia
545 2655 687 2722 hominis
722 2668 858 2720 notatur.
908 2655 1138 2741 Atque'etiatn
1164 2655 1298 2720 illorum

137 2759 308 2842 verborum
329 2751 573 2826 totoairb'-
521 2764 837 2841 -ςὲιτκειιασμένος
871 2761 1030 2822 sententia
1044 2757 1224 2823 clarissime
1238 2769 1298 2823 est.

138 2861 245 2938 Quum
261 2863 346 2925 enim
361 2859 562 2937 Clisthenes,
587 2859 684 2922 horno
700 2859 782 2922 alias
796 2857 930 2922 barbam
945 2861 1058 2923 radere
1074 2860 1211 2940 solitas,
1235 2879 1298 2945 qao
1347 2903 1359 2910 -

138 2963 275 3030 similior
292 2962 430 3026 eunuchi
444 2981 515 3025 essa
520 2961 710 3041 'videretnr‚
736 2963 861 3047 ingenti
878 2960 979 3026 barba
997 2960 1122 3027 larvam
1139 2961 1301 3028 obvolris·

130 3085 188 3134 set
210 3087 318 3132 suam:
355 3047 582 3149 Dicaeopolis‚
611 3085 763 3148 perverse
784 3077 818 3128 tu
843 3065 989 3151 quidem,
1016 3066 1141 3150 inquit,
1167 3063 1300 3133 simulas

138 3171 337 3248 eunuehnm3
362 3189 464 3254 genus
489 3165 840 3258 hominominrherhe,
865 3169 979 3252 qnod
970 3188 1043 3251 rpsa
1058 3183 1171 3232 natura
1186 3169 1299 3249 refers,

140 3295 204 3343 non
230 3275 341 3356 inepte
366 3285 434 3334 arte
457 3268 557 3333 debes
577 3272 708 3333 imitari.
756 3266 846 3332 Bene
861 3274 957 3334 etiam
972 3269 1080 3334 Sehol.
1099 3271 1140 3334 ad
1163 3293 1193 3335 v.
1216 3277 1299 3338 118.
1331 3275 1334 3288 “

139 3363 237 3451 οὗτος
257 3375 292 3439 δὲ
316 3365 333 3436 ὁ
362 3373 568 3451 Κλεισθένης
591 3364 684 3458 [ἀεὶ]
707 3365 743 3434 τά
762 3371 884 3453 γένειον
909 3373 1062 3456 λξνρᾶτο,
1089 3365 1170 3460 πρὸς
1195 3367 1232 3437 τὸ
1250 3366 1302 3439 ciel

139 3475 324 3566 φαίνεσθαι
357 3472 438 3550 νέος.
485 3466 556 3536 διὰ
589 3469 717 3537 τοῦτο
748 3469 934 3559 εὐνούχῳ
968 3466 1101 3540 αὐτὸν
1132 3468 1300 3552 ιικάζει.

138 3580 306 3648 Postremo
329 3577 459 3662 egregie
481 3573 561 3638 haee
583 3573 756 3638 addantur·
782 3574 887 3639 Ηίοσο
905 3583 1065 3660 oeroqaie
1083 3577 1301 3641 tendehat?
1323 3648 1334 3662 ,

72 3761 74 3771 Ι
139 3703 244 3749 nonne
271 3677 409 3744 Strato?
463 3673 570 3750 Quum
600 3680 685 3741 enim
711 3675 791 3740 nihil
821 3657 980 3742 Clistheni
1004 3677 1173 3742 similius
1163 3673 1301 3744 inveniri

110 3799 252 3879 *posset
273 3772 439 3859 Stratone,
474 3781 548 3843 ideo
571 3777 603 3842 hi
624 3781 688 3843 (luo
710 3779 858 3843 homines
882 3801 1114 3864 saepenumero
1140 3783 1300 3846 ooniuneti
1380 3803 1385 3812 ·

140 3898 224 3950 sont.
276 3882 458 3948 Scholiasta
473 3883 516 3945 ad
532 3904 560 3944 v.
581 3888 664 3946 199.
688 3856 872 3967 Στράτων]
899 3885 954 3948 καὶ
980 3871 1077 3960 οὗτος
1102 3885 1301 3972 κωμῳδεῖται

140 3981 186 4066 ὡς
210 3981 399 4071 λωβώμενος
424 3979 463 4052 τό
488 3990 608 4068 γένειον
632 3985 686 4050 καὶ
705 3982 854 4051 tentem
876 3985 917 4050 τὸ
939 3985 1049 4068 σῶμα,
1066 3983 1117 4062 4ιῖις
1137 3987 1303 4054 Κλεισθέ·

140 4109 219 4172 apg·
234 4131 237 4136 ,
253 4078 298 4164 άς
313 4111 422 4174 ’φησιν
445 4080 548 4164 αὐτὸς
572 4083 819 4174 Ἀριστοφάνης
843 4085 877 4152 iv
897 4077 1049 4153 Ὁλκάσι·
1088 4087 1202 4166 notite
1226 4087 1303 4170 cipi-

141 4215 237 4270 mmr,
271 4186 444 4273 Στράτων.
497 4186 786 4268 antemnates,
815 4190 848 4266 in
874 4187 1074 4254 Holosdibus
1096 4180 1313 4258 seiibemlnut¹

144 4317 231 4360 esee:
259 4290 384 4367 Παῖδες
407 4289 440 4358 δ’
455 4283 616 4376 ἀγένειον,
651 4290 857 4373 Κλεισθένης
881 4296 990 4359 τεκαὶ
1013 4277 1188 4377 Στράτιον.
1238 4291 1304 4359 Par
1348 4345 1351 4352 ,

141 4393 254 4461 nobile
270 4383 412 4461 sitorum
436 4393 560 4477 σίτοισι
593 4415 677 4458 anne
703 4395 897 4461 feminarum
921 4397 954 4458 in
983 4393 1151 4481 Equitibus
1165 4383 1305 4484 'quoqne
