3056 4986
671 225 990 307 2140-

345 433 405 499 τδν
430 429 592 521 στέφανον
617 429 783 526 ἀφῃρέθη.
826 429 953 516 μᾶλλον
977 423 1041 517 γὰρ
1066 416 1323 508 vilcassinum,

346 528 430 599 κατὰ
455 531 609 614 Σελήνην
633 527 677 611 ὡς
701 532 791 621 ἄγειν
816 526 880 622 χρὴ
903 534 961 597 τοῦ
985 533 1061 617 βίον
1086 526 1149 608 τὰς
1171 530 1303 621 ἡμέρας.

246 629 341 696 Anna
362 635 476 714 Fabri,
513 635 608 702 docta
633 635 765 716 mulier,
793 636 950 699 interdum
980 637 1079 696 etiam
1105 635 1234 712 faceta,
1266 633 1342 720 quid
1365 633 1404 696 dc

245 733 278 798 h.
298 735 319 799 Ι.
343 738 552 819 iudicaverit,
585 741 710 825 ignoro.
762 738 826 801 Sed
847 735 872 800 l.
898 736 941 801 Η.
965 734 1105 801 Vossius
1124 734 1267 831 fabulam
1296 749 1403 800 narrat
1435 726 1437 740 ’

245 837 362 921 oppido
378 840 564 917 ridiculam,
591 837 779 926 Hyperbolo
794 838 931 924 Delphis
945 839 1107 915 redeunti,
1132 859 1226 924 quum
1251 836 1322 902 urbi
1336 841 1401 902 iam

244 945 532 1029 appropinquaret,
558 956 724 1007 ventorum
739 942 944 1007 vehementia
959 942 1111 1004 coronam
1133 942 1295 1025 decapite
1315 939 1404 1003 abla-

243 1055 310 1106 tam
329 1056 360 1106 et
378 1044 438 1109 huc
452 1043 531 1108 illuc
544 1044 731 1131 dissipatam
749 1067 828 1110 esse.
871 1042 941 1109 lmo
959 1066 1036 1108 vero
1052 1042 1260 1128 Hyperbolus
1275 1040 1415 1128 publice,

242 1141 484 1211 hieromircnron
515 1148 619 1211 iactus
644 1161 710 1225 est,
737 1148 795 1211 sed
822 1168 901 1211 mox
934 1161 1082 1225 coactus,
1116 1146 1189 1212 hoc.
1212 1149 1402 1232 magistratu

241 1244 436 1335 honorisque
451 1250 552 1336 gradu
569 1272 677 1314 rursus
693 1247 793 1314 abire.
833 1248 957 1325 Quodsi
971 1246 1061 1313 illico
1076 1269 1111 1312 se
1129 1249 1279 1314 abdicare
1295 1248 1402 1311 hiaro-

125 1400 127 1409 .
178 1333 181 1346 ¹
241 1353 422 1416 mnemonis
448 1373 579 1416 rnunere
601 1355 708 1417 iussus
727 1367 792 1432 est,
818 1375 882 1416 non
904 1373 982 1416 sanc
1007 1354 1154 1436 cuiquam
1177 1355 1292 1416 mirum
1313 1350 1401 1413 vide-

171 1509 179 1522 ,
242 1447 344 1533 bitur,
378 1455 462 1540 quod
487 1453 662 1520 scholiasta
682 1457 805 1540 prodit:
828 1454 934 1532 οὐδεὶς
960 1452 991 1520 δ’
1011 1452 1162 1540 ἱστόρησε
1183 1452 1256 1520 κατ’
1279 1457 1401 1522 ἐκεῖνον

240 1546 299 1623 τὸν
332 1550 483 1624 ἐνιαυτὸν
515 1555 733 1646 ἱερομνήμονα
766 1547 847 1624 εἶναι
880 1552 937 1622 τὸν
968 1555 1185 1644 Ὑπέρβολον·
1235 1554 1398 1624 οὐδέπω

240 1650 319 1745 γὰρ
354 1658 570 1747 διέπρεπε,
613 1647 893 1738 11111111ξὲ11
928 1655 1081 1737 ζῶντος
1111 1658 1212 1738 (haec
1236 1674 1398 1745 postrema

239 1756 326 1822 falsa
355 1773 429 1823 sunt
449 1772 481 1823 et
503 1759 596 1822 nihili
616 1761 779 1843 putanda)
804 1763 846 1842 ¹⁸).
906 1759 1003 1822 Haud
1028 1757 1166 1823 absurde
1187 1763 1397 1846 quaesiveris,

124 1884 128 1891 ·
240 1861 366 1924 cuinam
382 1865 452 1924 viro
465 1857 556 1925 Doco
569 1864 633 1925 ista
650 1877 745 1947 nupta
759 1863 864 1926 inerit.
918 1857 1023 1934 Quam
1046 1865 1174 1925 tametsi
1191 1883 1302 1926 omnes
1321 1885 1399 1927 con·

239 1962 355 2026 cedunt
371 1962 592 2050 Hyperbolum
617 1965 670 2050 (at
689 1962 815 2049 qualern
831 1965 956 2040 virum,
982 1961 1108 2047 qualem
1128 1967 1225 2028 etiarn
1243 1966 1399 2052 demago·

239 2063 338 2150 gunt)
361 2067 627 2151 partucdidissa,
643 2067 803 2138 tamen-de
819 2079 909 2151 patre
921 2062 1102 2151 Hyperboli
1118 2055 1219 2151 ipsius
1235 2071 1301 2130 iam
1319 2071 1400 2132 snti-

239 2169 343 2252 quitus
366 2167 541 2233 dubitatum
566 2182 625 2231 est.
674 2171 714 2233 Et
735 2167 896 2232 Aelianus
916 2167 1221 2251 quidem‘homincm
1236 2173 1332 2233 istum
1348 2173 1397 2235 in·

238 2271 340 2334 veniri
362 2293 458 2356 posse
483 2272 627 2366 praeciso
650 2286 763 2357 negat,
798 2270 841 2335 V
863 2269 950 2334 Hist.
965 2269 1041 2350 ΧΠ,
1063 2275 1123 2337 43.
1146 2265 1396 2360 Ὑπερβόλονδὲ

238 2375 295 2439 καὶ
329 2375 547 2461 Κλεορῶντος
577 2409 628 2422 -—
658 2368 810 2450 οὐδεὶς
794 2397 838 2440 αν
864 2371 947 2440 sinor
980 2371 1100 2474 ῥαδίως
1132 2368 1210 2452 τούς
1243 2375 1394 2466 πατέρας.

238 2472 405 2557 Equidem
418 2477 502 2539 hanc
525 2495 593 2538 rem
616 2495 674 2539 acu
702 2477 848 2561 tetigisse
871 2473 991 2538 videor.
1043 2461 1191 2560 Namque
1219 2475 1329 2542 schot.
1354 2482 1394 2544 ad

237 2573 312 2641 Pac.
339 2581 423 2641 664.
447 2577 561 2662 (680.)
590 2577 762 2664 Χρὲρητος
791 2577 825 2642 δὲ
854 2570 926 2652 vide
952 2561 994 2658 ἦν
1016 2574 1229 2663 Υπέρβολος,
1254 2573 1397 2674 ἁδελφὸς

238 2679 273 2745 δὲ
297 2675 458 2770 Χάρωνος
486 2717 556 2756 -,
588 2679 647 2742 vix
674 2701 712 2744 ac
736 2702 776 2742 no
797 2681 855 2742 vix
880 2678 1007 2762 quidem
1022 2699 1129 2743 errare
1144 2684 1265 2766 potuit,
1292 2697 1327 2747 ut
1338 2687 1396 2770 qui

235 2783 366 2846 fratrem
382 2804 507 2868 quoque
521 2779 720 2867 Hyperboli‚
747 2779 945 2873 Charonem,
967 2803 1038 2844 curn
1061 2797 1195 2866 parente
1222 2777 1396 2873 coniungo-

235 2900 293 2948 ret.
329 2883 439 2972 Neque
465 2906 540 2949 vero
564 2883 759 2948 scholiastae
783 2885 823 2948 ad
846 2883 980 2948 Lucian.
998 2883 1039 2948 Τ.
1055 2883 1080 2947 Ι.
1094 2907 1126 2968 p.
1146 2889 1230 2951 154.
1248 2891 1395 2954 maed.

235 2974 351 3052 Lehm.
374 2999 406 3050 et
430 2985 647 3068 Antiphonem
670 3001 701 3050 et
721 2987 924 3050 'Chremetem
940 3008 1001 3070 pro
1017 2997 1107 3070 patre
1125 2987 1306 3073 Hyperboli
1320 3010 1396 3055 ven·

235 3089 351 3166 ditant,
378 3108 480 3172 nequo
496 3090 627 3151 omnino
648 3087 693 3150 ibi
712 3102 891 3173 repugnant
907 3087 970 3151 sibi
985 3087 1141 3154 Androtio
1158 3079 1395 3178 et'l'hcoporn-

234 3213 311 3275 pus,
337 3189 394 3254 sed
411 3187 622 3273 pulcherrimo
639 3188 763 3254 scilicet
775 3191 969 3274 conspirant.
1021 3191 1070 3252 En
1088 3189 1171 3255 tibi
1161 3213 1232 3276 apsa
1252 3193 1394 3260 scholia-

219 3305 355 3388 ¹starum
369 3287 486 3356 verba
509 3281 770 3380 Ὑπέρβολος
732 3317 843 3371 ουτος,
875 3289 919 3370 ὡς
940 3291 1135 3379 Ἀνδροτίων
1159 3299 1278 3385 φησὶν,
1299 3295 1396 3366 llere

234 3391 359 3490 φάνονς
386 3382 427 3479 ἦν
454 3389 708 3485 Περιθοίδης
678 3431 746 3460 -.
791 3393 910 3482 ltaque
935 3395 977 3506 ab
1000 3395 1185 3482 Antiphane
1210 3397 1394 3532 1111111111

233 3561 516 3588 ..ψ-,Μ

267 3658 293 3722 t)
312 3652 468 3717 Plerosque
486 3648 573 3700 trium
590 3613 752 3698 fabularum
771 3647 925 3715 reliquias,
951 3665 1023 3718 quae
1042 3650 1078 3702 ad
1095 3667 1155 3703 rem
1173 3655 1300 3705 nostram
1320 3657 1411 3712 nihil.

301 3734 479 3796 conferrent,
500 3732 593 3783 omisi.
628 3730 708 3803 Dicis
725 3746 810 3782 causa
829 3748 901 3783 nunc
919 3749 1004 3783 unum
1022 3735 1212 3802 fragmentum
1230 3737 1393 3808 Hyperboli
1430 3783 1433 3792 ,

300 3819 444 3873 Platonici
477 3817 616 3882 attingam
646 3831 689 3884 ap.
717 3815 812 3868 Schol.
840 3815 1014 3869 1111161111.
1040 3819 1100 3872 121.
1126 3827 1156 3872 et
1181 3822 1296 3876 Suidanr
1324 3843 1345 3883 s.
1367 3843 1394 3879 ν.

299 3901 394 3975 εὔερον.
413 3901 489 3955 Setis
506 3907 586 3952 recte
607 3901 697 3967 igitur
708 3900 878 3966 scholiasta,
897 3901 947 3954 sed
962 3903 1112 3957 admodum
1127 3917 1261 3980 corrupte
1280 3913 1391 3967 Suldas.

299 3989 410 4043 Versus
430 3992 498 4040 sunt
516 3985 676 4055 Glyconcir

602 4071 788 4138 univocatione
807 4070 907 4140 toruae
926 4123 929 4131 .

601 4154 775 4210 ἀπολέλανκεν
796 4153 968 4228 “1’π1ρβολος,’

289 4289 294 4312 Ι
601 4235 665 4292 ὥστ’
681 4239 877 4312 αὐχμῶτατός
868 4245 946 4295 ἔστιν.

299 4331 330 4380 111
351 4323 531 4395 αὖρχιῶτατος
559 4339 614 4377 nou
635 4325 760 4380 offendo.
796 4327 873 4381 Male
896 4325 1027 4383 Dabretis
1047 4329 1082 4384 1111
1100 4332 1173 4388 Nub.
1190 4335 1248 4387 518
1268 4337 1390 4386 metrum

300 4413 450 4466 1111111111
471 4408 670 4481 Eupolideum.
1061 4439 1066 4446 ·
1250 4436 1255 4444 ·
