3056 4986
551 235 608 305 -1
670 186 768 308 123¹
810 274 867 290 --

121 432 333 510 ὃιὸάσκοκτος
359 435 414 499 καὶ
441 428 690 518 μανθάνοντος,
728 431 770 507 ὡς
796 427 942 496 αἰτίου
970 429 1037 497 καὶ
1071 428 1283 500 αἰτιατοῦι

115 530 245 613 'Quibus
260 535 342 599 locis
360 555 422 620 quo
440 555 545 598 nexus
561 536 659 598 modo
677 554 773 598 causa
790 531 931 598 efficiens
953 545 985 596 et
1009 535 1154 599 effectum
1177 549 1286 611 tenen·

121 656 188 718 tur,
216 639 329 701 eodem
355 643 446 704 αἰτιά
468 624 514 717 ud„
534 631 682 703 uittatdv
704 638 849 720 pertinet.
900 635 1127 700 Grammaticis
1153 635 1284 700 verbum

123 763 225 826 aequa
244 744 478 830 frequentntmn
496 739 617 817 fuisse,
643 737 734 802 locus
752 739 891 800 ostendit
904 740 937 800 in
957 736 1058 802 schol.
1083 740 1123 801 ad
1151 739 1285 822 Dionys·

124 843 242 908 Thrac.
266 839 481 926 ap.'Bekker.
498 843 530 902 in
555 841 699 905 anecdot.
724 839 778 902 Gr.
795 861 827 922 p.
850 845 932 905 659.
961 841 1044 908 κατὰ
1068 841 1180 906 πᾶσαν
1202 843 1286 923 λέξαι
1317 829 1323 838 ’

123 947 231 1028 αἴτιοι)
258 936 376 1033 ὁρᾶται
401 946 456 1026 καὶ
481 935 647 1010 uitiauit.-
722 1023 727 1030 μ

230 1045 321 1122 Quae
337 1068 431 1131 quum
449 1048 495 1107 ita
515 1047 598 1122 sint,
624 1039 803 1124 αἰτιατική,
828 1045 855 1105 si
877 1039 918 1104 ab
944 1037 1097 1127 uittutqi,
1123 1055 1158 1106 ut
1180 1040 1285 1125 debet,

101 1151 267 1224 ducitur,
301 1152 330 1212 is
354 1151 545 1222 attonsus,
583 1149 636 1230 qui
665 1146 705 1240 ad
734 1147 869 1209 actionis
904 1143 1050 1208 eii'eotum
1082 1145 1285 1210 indicandum

126 1265 304 1330 natusest,
331 1263 365 1316 ut
379 1239 531 1314 eum'non
548 1250 783 1325 accusativum,
811 1247 868 1310 sed
885 1247 991 1330 potius
1004 1247 1183 1327 effectv'cmn
1197 1239 1287 1311 reddi

128 1355 313 1439 oportuerit.
345 1350 418 1426 Qua
436 1353 468 1414 vi
483 1351 556 1435 quid
574 1349 774 1434 tad-quartum
792 1351 900 1412 casnm
918 1347 1165 1433 significandum
1182 1353 1286 1434 aptius

128 1455 316 1540 excogitaui
351 1455 425 1539 quid
444 1455 590 1516 intimam
613 1466 645 1516 et
667 1453 881 1514 necessariam
909 1452 979 1513 eius
995 1466 1142 1514 naturam
1159 1451 1288 1536 elegan-

128 1561 192 1621 tius
207 1556 389 1640 exprimat?
436 1555 524 1619 Inest
539 1556 622 1618 enim
638 1552 745 1617 verbis
765 1553 939 1616 transitivis
954 1554 1053 1626 octio;
1076 1557 1159 1617 actio
1181 1567 1286 1618 autom

128 1681 225 1724 causa
241 1662 436 1732 continetur3
458 1679 539 1744 quae
560 1649 766 1720 resectionis
785 1675 882 1718 causa
904 1653 1038 1719 efficitur
1051 1654 1103 1720 vei
1122 1657 1155 1718 in
1170 1675 1234 1741 qua
1253 1677 1287 1718 ro
1307 1647 1316 1662 ¹

127 1783 225 1826 causa
246 1776 394 1846 tanquam
418 1759 562 1824 efficiens
587 1761 741 1838 cernitur,
772 1779 812 1820 ea
832 1761 866 1820 in
888 1759 1071 1822 accusativo
1095 1761 1172 1841 poni
1195 1757 1287 1822 solet.

128 1865 220 1928 Adeo
243 1865 327 1928 tertii
345 1877 376 1927 et
402 1864 506 1949 quarti
523 1882 620 1926 casus
637 1863 806 1926 discrimen
829 1861 892 1942 ipsi
912 1861 1033 1922 nomini
1048 1863 1140 1944 quasi
1157 1861 1286 1924 insitum

129 1979 166 2031 et·
182 1971 325 2029 innatum
349 1968 420 2029 cv'tt.
470 1962 599 2028 Tertius
621 1966 705 2027 cuim
728 1981 842 2036 casus,
873 1963 997 2024 sicum
1022 1961 1063 2023 ad
1086 1959 1232 2026 homines
1256 1975 1288 2027 et

128 2057 281 2153 personas
308 2081 458 2152 tanquam
487 2067 621 2130 actionis
654 2063 706 2129 vol
735 2065 936 2149 commodum
968 2061 1021 2126 vel
1049 2063 1288 2126 incommodum

129 2173 323 2253 accipientes
344 2171 473 2252 proprie
499 2169 658 2250 pertinere
681 2166 932 2249 disputavimus,
958 2167 1005 2228 ita
1026 2165 1150 2248 quidem
1175 2177 1209 2228 ut
1236 2184 1287 2230 res

126 2273 303 2347 inanimes,
341 2269 403 2333 nisi
428 2289 563 2351 persona
588 2266 776 2377 inditaqtuv,
817 2285 880 2330 non
907 2268 1064 2350 patiatur:
1108 2261 1289 2348 αἰτιατικῆς

127 2375 273 2458 profacto
291 2374 421 2435 nomine
440 2405 488 2420 -
509 2370 656 2434 effectum
672 2371 758 2432 enim
774 2365 854 2432 nihil
873 2366 936 2432 uisi
958 2386 1114 2432 ructares
1132 2371 1288 2454 cogitatur

129 2497 230 2560 eaque
246 2477 378 2560 patiens
389 2509 438 2524 -
454 2472 689 2558 comprehendi
700 2493 763 2535 uon
779 2484 894 2555 potest.

230 2577 322 2641 Haec
342 2579 432 2662 origo
459 2579 487 2640 si
510 2578 556 2640 roi
576 2575 610 2640 'ct
626 2577 765 2639 nominis
787 2592 944 2638 consensu
961 2586 994 2636 et
1010 2577 1100 2659 quasi
1115 2575 1288 2638 concordia

130 2679 444 2762 commendaturtin
467 2692 618 2742 concentu
644 2691 748 2740 autom
771 2678 914 2740 veritatis
933 2679 1056 2738 nutueri
1072 2675 1312 2760 velnththa·‚

129 2781 232 2866 govici
259 2783 356 2864 positi
379 2781 488 2859 sunt):
533 2781 655 2842 accedit
683 2793 792 2855 vetus,
836 2782 1025 2861 opinamur,
1059 2781 1287 2842 testimonium.

129 2881 352 2966 Etymoiogica
369 2882 494 2965 quidem
512 2879 634 2943 Graeca
653 2880 868 2964 nequidquam
886 2874 1074 2942 evolvimus.
1127 2879 1196 2941 Sed
1209 2877 1289 2942 Dio·v

130 2984 243 3066 nysius
259 2982 373 3046 Thrax
390 2981 486 3066 (apud
502 2980 627 3045 Fabric.
643 2979 684 3043 V.
700 3005 726 3045 c.
749 2985 779 3042 7.
797 3003 826 3064 p.
837 2984 895 3043 30.
912 2981 961 3044 ed.
976 3001 1023 3065 pr.
1050 2980 1135 3065 apud
1145 2978 1288 3061 Bekkcv.

31 3145 34 3149 .
130 3088 164 3148 in
182 3085 326 3149 anecdot.
342 3083 396 3147 Gr.
412 3106 444 3170 p.
462 3089 559 3172 636.)
578 3086 622 3148 ita
637 3080 764 3146 scribit:
792 3087 916 3168 λέγεται
930 3081 951 3163 ή
964 3089 1022 3164 μὲν
1036 3075 1288 3170 comitatuique)

130 3181 328 3272 ὀνομαστική
349 3188 402 3252 καί
427 3184 543 3254 εὐθεῖα
572 3219 622 3236 --
651 3183 672 3266 ἡ
702 3189 737 3251 δὲ
768 3187 979 3266 αἰτιατική
1015 3183 1104 3251 κατ’
1129 3182 1287 3265 αἰτίαν.

132 3287 223 3363 Quae
244 3287 342 3353 verba
364 3291 537 3352 accusativi
562 3288 689 3372 quidem
711 3291 839 3349 nominc
863 3298 1051 3351 cccoecatus
1075 3289 1139 3366 „nd
1158 3309 1289 3352 accusa·

131 3393 228 3454 tionis
249 3391 401 3454 modum“
425 3400 600 3453 convertas.
649 3388 714 3450 Sed
737 3387 798 3451 hoc
821 3388 860 3450 ad
884 3397 955 3449 rem'
976 3390 1135 3466 ieiunum,
1158 3387 1287 3472 abipso

126 3508 236 3559 autom
261 3490 378 3570 verbo,
412 3493 441 3554 si
464 3491 615 3575 opinione
636 3491 814 3553 inveterata
839 3483 952 3553 r'clicta
977 3486 1163 3573 simplicitur
1191 3493 1289 3554 intor-

132 3599 279 3679 preteris‚
310 3594 406 3679 piano
435 3593 587 3656 alienum.
638 3590 750 3676 Itaque
780 3581 799 3673 ἰή
831 3593 866 3657 δὲ
894 3585 1059 3674 αἰτιατική
1081 3589 1154 3658 κατ’
1179 3588 1289 3660 airino

132 3696 213 3760 nihil
232 3697 317 3761 aliud
340 3693 500 3782 significat
520 3698 581 3758 nisi
602 3685 780 3758 effectivum
805 3693 857 3758 vet
878 3695 1076 3758 causativum
1095 3695 1232 3778 (audere
1249 3695 1288 3759 ti·

101 3865 106 3874 ,
134 3813 204 3864 ccat
225 3797 414 3865 vocabulum
437 3818 477 3861 ec
501 3810 585 3861 certe
611 3817 726 3873 sensu,
761 3815 824 3879 quo
848 3811 1013 3859 causatum
1038 3793 1222 3880 finxerunt)
1248 3800 1287 3862 ad

134 3921 251 3966 causac
278 3905 433 3966 rationem
467 3898 701 3962 associatum.
752 3894 874 3960 schotti
907 3897 1032 3979 quidem
1068 3891 1209 3980 auctum„
1230 3898 1288 3965 τοῦ

133 4004 300 4083 αἰτιατοῦ,
335 4000 429 4087 qualo
455 3999 539 4085 apud
559 3996 932 4083 philosophoslegitur‚
968 3997 1053 4062 haud
1076 4019 1219 4079 memor,
1252 4003 1287 4064 in

93 4173 99 4184 ,
132 4102 218 4166 idem
252 4123 290 4174 ac
316 4103 427 4167 Latini
455 4101 569 4166 incidit
595 4102 716 4163 vitium.
769 4098 833 4162 Sed
863 4119 959 4182 quum
992 4113 1057 4164 tam
1085 4098 1288 4187 negligenter

134 4204 293 4289 disputet,
328 4216 363 4264 ut
384 4207 419 4267 in
441 4202 508 4268 illis
529 4201 678 4285 Dionysii
702 4198 808 4264 verbis
833 4203 1035 4284 exponendis
1060 4196 1239 4270 αἰτιᾶσθαι
1256 4217 1288 4268 et

134 4309 303 4375 αἰτεῖσθαι
320 4305 509 4370 confundat:
530 4307 584 4370 isti
602 4324 666 4368 non
680 4314 801 4366 tantum
817 4299 1018 4380 tribuendum
1039 4314 1105 4380 cst,
1132 4319 1166 4366 ut
1185 4321 1246 4366 nos
1268 4297 1288 4368 a

134 4421 223 4474 recta
235 4411 288 4474 via
299 4417 432 4474 avertat.
471 4404 565 4472 Haec
580 4408 662 4471 onim
680 4403 772 4470 affert
790 4403 887 4491 (apud
901 4401 1005 4468 Bekk.
1019 4415 1050 4490 p.
1069 4408 1184 4493 862·):
1205 4403 1288 4473 κατὰ
