3056 4986
453 169 459 194 ,
548 197 751 334 ..'-rsr
810 261 870 278 ...
933 181 962 210 ,

125 441 193 487 555
209 419 305 486 555115
319 415 449 488 fabulas
464 417 539 483 Illas
553 417 651 482 515551
667 441 780 484 omues
795 416 1035 503 cornploctltar‚
1060 429 1171 484 vetum
1192 419 1290 482 etiarn
1325 406 1337 434 ⁷

132 524 311 610 argumenti
333 543 443 586 earum
467 524 644 586 corumuois
668 520 872 607 intelligendi
893 518 1079 584 facultatem
1108 519 1288 606 praebebit.

132 627 258 691 Vereor
274 639 398 704 tamen,
423 637 458 688 ot
474 625 582 688 onmia
598 645 636 692 55
653 623 780 710 singula
794 625 1018 710 nnncqrr'idem
1036 625 1114 686 satis
1126 622 1291 686 illustrare

76 809 77 816 ἵ
132 749 266 814 qrreern:
289 717 1149 814 15515511115111155551155555551555515555155155.
1184 725 1290 789 Datao
1390 768 1392 771 -

125 845 240 896 ‘autem
266 838 341 892 sunt
358 827 490 894 fabulae
508 827 586 892 illae
606 828 668 894 boo
687 831 891 914 potissimum
914 828 1046 905 ordine,
1069 826 1304 918 primumlilas
1385 817 1387 822 ¹
1476 812 1483 828 ⁸

124 935 218 1004 ,51555
237 930 294 994 Ol.
320 927 380 1012 89,
403 941 457 1012 4.,
491 931 903 1023 5515555555155151555,
934 931 1071 995 forsitan
1090 928 1143 992 Ol.
1162 933 1221 1008 90,
1240 935 1290 1009 1.,

119 1047 295 1120 *postremo
319 1032 526 1118 Hyperbolus
547 1031 600 1097 Ol.
617 1040 675 1110 91,
694 1041 727 1098 2.
759 1031 829 1100 Nos
850 1035 882 1101 id
904 1033 1076 1116 praecipue
1098 1035 1291 1114 aperiemus,

134 1141 190 1222 qni
210 1138 328 1201 lactum
354 1138 413 1216 sit,
440 1151 477 1200 ut
499 1137 672 1222 demagogi
694 1138 786 1200 istius
816 1137 956 1221 dignitas
979 1135 1099 1197 sensim
1127 1136 1293 1196 imminuta
1385 1216 1392 1225 μ

133 1237 270 1303 labaret.
318 1235 469 1328 Namque
489 1237 698 1322 Hyperbolus
720 1241 788 1302 sive
814 1236 881 1302 alio
903 1239 1036 1302 crimine
1058 1226 1309 1318 publicassem·

8 1330 13 1341 ’
122 1355 242 1421 satus,
267 1341 446 1428 sinequod
470 1340 651 1426 peculatum
681 1342 875 1424 iecisset*),
907 1341 977 1424 ipse
1004 1338 1141 1422 qnideu't
1163 1338 1293 1402 tandem

134 1465 230 1530 aegre
252 1441 421 1507 absolutus
433 1456 483 1507 est
502 1443 796 1527 condemnatosque
811 1442 956 1527 illo-ipso
976 1439 1108 1506 crimine
1126 1440 1294 1516 Pisander,
1322 1452 1324 1460 '

136 1550 216 1611 sicut
239 1546 388 1631 equidem
410 1565 540 1610 causeo.
589 1543 697 1610 Schol.
719 1545 858 1612 adrlvv.
881 1549 988 1628 1555.
1013 1581 1064 1592 --
1091 1537 1235 1622 Εὔπολις
1259 1549 1294 1610 ἐν

3 1689 4 1696 1
99 1731 107 1744 .
134 1646 277 1738 Μαρικᾷ
296 1684 346 1696 -

235 1753 280 1817 A.
306 1743 406 1817 daona
430 1750 506 1829 νῦν,
536 1746 789 1837 Πείσανδρος·
767 1775 810 1826 ως
835 1740 1026 1814 ἀπόλλυται.
1098 1748 1105 1761 ”

238 1845 321 1917 B
305 1876 324 1926 o
352 1845 523 1939 στρεβλόςς
570 1854 615 1917 A.
643 1846 717 1931 οὔκ,
744 1849 819 1918 ἀλλ’
839 1848 991 1935 ὁμὲγας,
1014 1849 1227 1927 οὑνοκίνδιος

136 1947 187 2015 Cf.
209 1951 318 2018 Sebol.
343 1955 382 2018 atl
407 1956 543 2038 Lysistr.
569 1976 597 2018 v.
619 1943 704 2019 450.
752 1953 848 2018 Falso
870 1951 1059 2016 bleinskius
1083 1949 1164 2034 (Qu.
1182 1951 1233 2014 Sc.
1250 1948 1296 2014 ll.

135 2074 167 2136 p.
186 2061 257 2145 20.)
274 2050 334 2122 515
355 2058 546 2122 Pisandrum
566 2071 674 2120 narrat
690 2069 843 2142 tanquam
860 2069 1018 2119 mortuum
1040 2055 1296 2118 cotnnremorari.
1319 2072 1321 2080 ’
1356 2140 1365 2146 -
1423 2097 1427 2102 -

137 2153 239 2230 Quasi
270 2177 346 2224 uero
379 2175 434 2225 aut
459 2155 605 2228 vindictis
630 2159 771 2224 dixisset
803 2157 955 2242 Eupolis,
982 2170 1037 2220 aut
1063 2176 1298 2240 nonsaepea

138 2255 272 2324 Graecis
286 2265 317 2324 ei
333 2259 546 2330 ἀπόλλυσθαι
561 2263 724 2340 dicautur,
744 2264 798 2345 qui
814 2264 846 2323 iu
863 2251 980 2322 iudicio
996 2279 1096 2321 nausa
1112 2259 1296 2322 ceciderint.

138 2357 245 2443 Quid,
271 2365 357 2450 qnod
380 2353 661 2450 11555Ρ15551155,
691 2362 787 2450 bomo
808 2364 888 2444 5555
911 2363 1034 2436 tentus,
1060 2381 1123 2424 555
1146 2357 1297 2424 5551555

114 2455 116 2462 “
139 2463 318 2552 Hermippo
343 2469 378 2530 15
405 2461 632 2556 aptandam
662 2478 730 2529 tam
764 2468 905 2552 graviter
932 2479 1067 2560 rexatqs
1100 2479 1206 2546 esset,
1235 2463 1298 2526 uisi

137 2567 240 2658 ipsius
278 2591 378 2635 causa
413 2569 655 2656 Hyperbolique
693 2579 781 2633 arcto
821 2565 952 2632 vinculo
994 2568 1163 2637 coniuncta
1201 2577 1298 2630 osset.

28 2727 40 2734 .
84 2664 88 2669 ’
138 2669 366 2780 Fragmentum
387 2675 492 2757 ipsum
517 2672 614 2737 55551
628 2671 737 2738 Schol.
753 2673 794 2736 ad
811 2671 893 2736 Avv.
914 2674 1024 2734 1555.
1051 2667 1126 2750 (nbi
1142 2667 1298 2732 lectiones
1342 2717 1346 2723 .
1418 2663 1421 2668 ’
1466 2671 1468 2674 ’

71 2880 77 2886 ’
112 2893 200 2967 5)
219 2897 299 2948 Nunc
323 2897 408 2966 plane
434 2895 583 2956 existimo,
612 2891 683 2944 15511
702 2895 864 2942 accusatum
888 2903 951 2942 csse
975 2887 1190 2956 Hyperbolum,
1215 2891 1298 2941 nixus

206 2982 333 3045 55111551,
360 2977 772 3052 quamopportunomemini,
798 2973 1301 3044 11555555315555155555.1151555
1347 2965 1353 2976 ⁴

207 3071 364 3140 (Hadnrry
385 3064 514 3128 οὖτος-
532 3061 642 3133 ποτήριά
655 3082 718 3118 ,otro
734 3067 789 3120 τοῖς
803 3062 959 3128 Αθηοοίοις
977 3064 1074 3132 ἔπεμψε
1090 3061 1184 3132 515155.-
1194 3059 1300 3113 Λεύκων

210 3155 367 3230 Φράτερσιν·

341 3237 425 3307 'Arriq
445 3260 458 3290 o
448 3223 675 3302 Mtyaniiout‘
660 3229 773 3286 555τά555
788 3229 928 3288 Παάπιδος

343 3323 432 3392 ‘Tne'pp
421 3327 493 3378 ‘Koios
507 3317 667 3387 τᾶκπώματο
687 3315 863 3382 κατεδήδοκεν.

209 3407 320 3460 Codex:
339 3405 450 3470 Παάπης
470 3431 503 3446 -·
521 3403 655 3470 pryriairrc
670 3399 794 3454 55151555
813 3427 839 3438 -
860 3395 1030 3461 notabiliores.
1072 3395 1117 3445 Tu
1138 3395 1231 3462 loges:

344 3485 440 3561 Ἆτάρ,
459 3485 656 3555 5515515155,
673 3505 699 3536 οι
690 3481 757 3536 laod
774 3502 848 3549 που,
858 3477 1001 3536 nannetes

342 3572 493 3647 Ὑπέρβολος
509 3571 670 3641 5515555555
687 3567 867 3636 κατεδήδοκεν

211 3663 401 3736 Quamobrem
418 3659 603 3729 Hyperbolus
622 3656 725 3725 pocula
740 3653 878 3723 quaedam
892 3664 909 3700 a
923 3646 1048 3718 Paapide
1060 3646 1202 3716 Aegyptio
1219 3646 1302 3700 Athe-

123 3797 128 3804 .
211 3765 262 3802 nas
281 3750 354 3801 dono
378 3747 466 3798 missa
488 3743 602 3796 iuratus
625 3747 695 3796 erat.
731 3741 801 3792 Mox
824 3751 893 3789 sero
920 3733 992 3786 15515
1009 3749 1075 3785 reus
1095 3732 1189 3784 factus
1215 3749 1300 3802 quum

211 3835 243 3888 rd
259 3837 364 3887 5555555
381 3849 411 3884 55
427 3829 596 3882 Pisandrum
614 3818 696 3877 omna
714 3825 882 3883 avertisset,
907 3835 962 3872 non
981 3820 1057 3886 ipse,
1085 3819 1128 3868 uti
1146 3823 1300 3880 meruerat,
1376 3841 1399 3875 ·,

111 3933 115 3938 ’
213 3919 264 3972 sed
287 3919 426 3972 Pisander
448 3914 653 3968 condemnatus
678 3913 731 3961 est.
771 3906 837 3958 Huc
859 3905 985 3966 accedit,
1019 3901 1094 3970 quod
1119 3905 1280 3970 tempora·
1269 3919 1302 3954 m

212 4004 284 4058 15555
308 4006 502 4058 coniecturam
527 4001 599 4052 bene
623 3994 803 4048 conveniunt.
835 3990 963 4057 Namque
983 3987 1135 4043 Phrateres
1159 3988 1303 4040 Leucosia

215 4091 276 4142 dati
297 4098 363 4142 sunt
376 4105 443 4150 nna
466 4103 530 4140 cum
549 4084 623 4138 Pace
644 4072 1301 4152 5155555515155155501.85,31115555115,

215 4175 352 4234 archonte
379 4175 561 4230 tummaximc
584 4168 705 4229 Alcaeo,
740 4179 825 4232 quum
849 4159 1034 4228 Hyperbolus
1061 4159 1177 4218 recenti
1195 4155 1303 4207 insidia

217 4263 287 4316 5551
267 4268 289 4314 15
312 4260 463 4326 flagraret3
481 4257 618 4308 Maricam
635 4267 703 4306 vero
723 4249 821 4301 docuit
839 4244 958 4312 Eupolis
981 4257 1038 4294 uno
1058 4246 1123 4307 post
1147 4254 1237 4304 anno,
1258 4239 1303 4292 01.

164 4353 169 4360 '
217 4351 258 4413 89,
278 4351 304 4402 4.
324 4344 468 4398 5515115555
477 4337 631 4394 ’.55555515
663 4337 764 4405 ltaque
782 4331 836 4386 hoc
855 4327 926 4382 illud
947 4331 1007 4389 est,
1033 4325 1136 4394 quod'
1127 4339 1157 4378 m
1173 4320 1303 4378 Nubibus

218 4435 292 4490 dirit
315 4425 535 4502 Aristophanes.
566 4423 687 4487 11511555
702 4419 846 4492 raptem
873 4412 957 4484 15115
973 4409 1140 4482 Trr‘ipflcioc.
