3056 4986
394 141 404 162 '
494 131 781 256 &21:13
838 223 896 240 -
997 175 1001 187 “

151 377 345 464 segniorum}
358 373 497 450 evaluit:
522 375 603 447 hacc
617 379 706 460 enirn
721 380 884 459 successio
902 399 1029 464 semper
1045 381 1230 468 exenrplu-r'n
1247 365 1315 458 seu·

55 514 58 520 =
103 473 104 480 ἵ
156 481 270 548 dorurn
300 476 514 564 sequebatur,
549 501 647 566 quum
681 480 845 558 hominurn
879 483 1197 572 opinione-rognum
1223 493 1315 575 quasi

145 583 337 649 suasionum
349 579 516 646 feodorum
530 595 627 652 esset.
677 581 817 658 Vetusta
831 581 888 648 lex
902 585 1314 669 partitionishereditatnrn

154 682 315 770 abrogata
331 695 391 748 est.
439 681 502 746 Pro
514 685 623 748 ¹leodis
639 683 753 753 militia
770 687 962 768 praestanda
976 701 1064 760 erate
1087 668 1313 772 possessorem

150 808 234 872 ergo
251 784 340 851 feodi
354 783 521 870 oportebat
536 787 575 852 ad
591 785 738 852 militiam
757 786 846 851 illanr
861 789 1042 860 faciendam
1063 790 1213 860 idoneum
1229 807 1314 866 ¹esse,

151 890 206 965 tio
221 889 339 954 facturn
355 901 422 966 est,
449 901 486 952 ut
505 889 554 950 ius
570 901 646 952 natu
663 892 880 961 maxinrorcun
901 905 933 954 et
953 893 1102 977 praedia,
1129 915 1212 980 quae
1229 917 1314 960 ειεειιιε

84 1051 85 1064 ,
125 1003 234 1080 Ιιειιίιι
253 991 417 1057 rnaxirnas
431 989 465 1068 iu
480 988 605 1058 iarnilia
620 993 797 1078 possideret
812 992 828 1074 ,(
835 995 1047 1082 maiescum),
1064 996 1311 1076 instituerentur,
1359 1026 1364 1038 ·
1410 993 1413 998 ’

153 1091 241 1178 quod
260 1091 346 1158 idern
368 1093 495 1157 ιειιιειὶἱι
516 1095 613 1159 etiam
639 1093 675 1157 in
693 1097 914 1162 successiones
937 1117 1108 1181 regnorum
1123 1109 1157 1162 et
1176 1101 1312 1164 vestium

153 1191 362 1273 bellicarum,
389 1198 468 1278 q'uas
482 1205 557 1260 natu
573 1197 708 1266 maximi
721 1193 783 1266 filii
798 1195 993 1262 obtinebant.

153 1340 157 1348 ’
216 1337 218 1342 ’
256 1341 366 1430 Itaque
393 1344 568 1428 reperimus
594 1348 626 1408 in
653 1345 782 1432 legibus
808 1345 945 1412 Henrici‘
962 1344 1007 1426 Ι.,
1038 1321 1131 1435 xregis
1160 1325 1312 1436 Angliae,

125 1497 130 1502 -
152 1446 288 1514 loricam
300 1450 373 1510 'sive
390 1461 510 1511 vestern
529 1443 686 1511 bellicarn‘
699 1447 876 1538 hereditate
892 1449 933 1512 ad
950 1445 1036 1512 filios
1058 1465 1133 1540 natu
1149 1442 1313 1518 maximos

153 1551 467 1646 pervenissepquia
488 1550 632 1612 eiusdem
654 1553 722 1613 erat
744 1552 776 1613 in
802 1553 946 1614 exercitu
971 1551 1059 1635 regis
1090 1547 1246 1633 militare,
1281 1568 1313 1618 e't
1354 1583 1358 1600 ·

153 1637 342 1738 plerurnqne
369 1671 409 1714 ea
440 1650 554 1715 militia
580 1673 599 1714 a
622 1666 696 1716 natu
722 1653 867 1715 maxirno
896 1655 930 1716 in
958 1651 1082 1715 familia
1110 1656 1224 1718 certius
1253 1677 1313 1720 ex·

130 1745 157 1812 ss
156 1756 296 1838 spectari
318 1763 453 1838 poterat.
502 1748 647 1828 Quod
621 1776 649 1818 sr
671 1752 774 1817 filius
780 1763 856 1818 natu
878 1747 1312 1822 maxinrusclericusfactus
1374 1764 1379 1784 ¹

155 1869 258 1935 esset,
294 1867 382 1918 ιειείεε
395 1862 469 1940 post
494 1877 566 1919 eum
589 1857 752 1920 maximus
774 1855 984 1920 hereditatem
1006 1854 1096 1920 illam
1129 1857 1312 1924 accedebat.

147 1956 298 2043 Quod*
272 1980 300 2020 sr
323 1956 384 2020 filii
409 1955 602 2038 deficerent,
627 1961 712 2022 inter
726 1959 861 2044 agnatos
881 1971 957 2022 natu
966 1959 1135 2023 maximus
1149 1963 1182 2023 in
1200 1981 1312 2040 eorrrnr
1421 1990 1425 2002 ·

152 2059 259 2124 locurn
275 2057 500 2122 sufficiebarnn.
553 2005 615 2124 His
628 2077 754 2146 quoque
772 2057 997 2124 deficientibus
1019 2060 1061 2122 ad
1077 2061 1247 2124 iudicem
1237 2084 1259 2124 1
1281 2083 1311 2126 e.

154 2161 314 2226 Comitem
336 2164 405 2224 sive
427 2159 559 2240 fiscum,
581 2175 616 2224 ut
631 2167 734 2225 ornnis
753 2153 816 2224 alia
838 2161 1018 2241 hereditaS,
1039 2163 1091 2224 cui
1105 2183 1199 2225 nemo
1215 2161 1311 2228 heres

154 2261 311 2328 naturalis
328 2276 428 2348 esset,
454 2265 497 2327 ita
514 2261 615 2326 lorica
631 2266 784 2348 pervenit.
836 2258 1114 2326 Testamentorurn
1131 2265 1216 2326 enirn
1232 2284 1312 2330 ursus
1377 2331 1380 2335 ,

135 2367 185 2443 jn
211 2366 390 2450 antiquiore
416 2363 589 2429 Germania
611 2363 718 2429 nullus
742 2378 826 2440 erat3
855 2359 1028 2428 donatione
1051 2378 1156 2428 autern
1178 2363 1312 2431 loricam

154 2467 339 2532 abalienare
362 2488 427 2530 non
441 2466 580 2531 licebat.
616 2462 686 2532 ‘sto
709 2467 805 2530 fiscus
829 2466 924 2530 heres
945 2464 1044 2530 fiebat
1058 2464 1244 2531 libertorum
1262 2461 1313 2532 ur-

152 2568 285 2644 borun13
307 2571 391 2634 idern
405 2566 478 2654 lege
494 2567 757 2649 Baiuvariorunr,
779 2567 835 2631 nbi
851 2567 929 2632 nulli
945 2569 1082 2652 septimo
1100 2571 1203 2654 gradu
1220 2575 1312 2635 tenrr's
1377 2563 1379 2570 ’

152 2673 324 2756 propinqui
354 2673 559 2752 superstites,
596 2693 655 2736 nec
682 2669 722 2734 ab
754 2673 906 2734 defuncto
940 2669 1071 2734 donatio
1105 2671 1189 2736 iacta
1216 2667 1312 2736 essel.

153 2773 255 2836 Porro
276 2774 333 2890 qui,
351 2769 488 2833 liberunr
509 2773 609 2835 virum
633 2771 1036 2857 occltiissetsvcrigildnm
1060 2776 1244 2860 propinquis
1257 2779 1313 2838 'oc‘-

152 2877 231 2952 cisi,
260 2875 288 2936 si
317 2875 369 2957 qui
391 2886 592 2955 supererant,
627 2872 802 2957 pendebat3
835 2876 884 2936 sin
908 2877 1035 2936 occisus
1060 2873 1162 2938 nullos
1185 2878 1327 2958 propin,

146 2995 232 3062 ‘quos
251 2973 446 3059 reliquisset,
475 2974 671 3046 interfector
685 2978 798 3038 cedern
820 2973 894 3062 lege
918 2974 1095 3039 multant
1069 2997 1138 3042 srve
1154 2979 1314 3060 coraposi-

149 3081 273 3162 tionem
289 3076 372 3142 Ducr
383 3069 440 3140 vel
454 3075 581 3140 Sentorr
596 3091 655 3143 suo
672 3077 844 3142 exsolvere
858 3075 1027 3142 tenebatur
1046 3079 1107 3162 ).
1395 3066 1396 3072 ἵ

146 3297 147 3300 ¹
254 3199 358 3302 Qurun
385 3250 469 3292 nova
484 3211 610 3293 familia
624 3229 791 3295 condenda
807 3243 894 3292 esset
910 3228 930 3290 i.
950 3251 978 3290 e.
999 3250 1028 3290 sr
1017 3225 1130 3290 filius
1148 3227 1242 3290 dorno
1259 3217 1315 3310 pa·

43 3322 47 3328 ’
150 3329 243 3390 'terna
264 3327 377 3400 relicta
399 3349 533 3390 rsxorern
554 3332 596 3390 in¹
612 3333 851 3392 matrimonium
878 3329 1025 3405 duceret,
1061 3349 1126 3389 una
1148 3350 1216 3405 curn
1240 3329 1315 3398 foco
1374 3395 1376 3402 ,

147 3448 266 3510 Ιιιιοιιιεε
283 3428 392 3512 posito
410 3447 494 3503 pora
508 3409 610 3490 lorica
630 3430 741 3491 inferri
755 3425 901 3490 debebat.
953 3426 1082 3510 Sponsa
1104 3425 1176 3510 lege
1195 3416 1314 3509 Ripae·

151 3533 273 3594 riorurn
295 3517 365 3594 viro
387 3529 491 3592 dotern
518 3513 782 3608 nonofferebun·
805 3528 869 3592 sed'
888 3527 938 3608 vir
952 3511 1018 3591 turn
1037 3527 1165 3610 domurn
1179 3519 1314 3608 rrxoreur

149 3617 333 3716 ambiebat,
361 3652 433 3696 curn
457 3629 599 3696 familiae
621 3632 806 3696 condendae
830 3645 861 3693 et
882 3633 972 3694 vesti*
987 3624 1124 3693 bellicae
1156 3629 1317 3714 parandae

150 3757 210 3820 par
228 3747 324 3798 esset.
376 3733 455 3798 Erat
476 3745 582 3796 autern
600 3735 627 3798 is
642 3755 714 3798 rnos
736 3735 994 3818 antiquissimu,
1019 3744 1056 3794 ut
1071 3733 1202 3794 meritus
1220 3725 1317 3815 spon·

148 3859 206 3912 sae
228 3850 356 3920 praeter
372 3834 455 3904 alias
469 3857 520 3899 res
536 3839 746 3900 instrumenta
763 3835 914 3898 militaria
930 3835 1075 3913 afferret,
1102 3844 1183 3896 teste
1201 3828 1320 3898 Tacito

113 4005 115 4014 ,
154 3939 194 4000 de
223 3937 331 4002 Gerrn.
353 3959 384 4000 c.
404 3943 461 4002 18.
494 3935 609 4002 Dotem
629 3958 693 4001 non
715 3955 803 4001 uxor
824 3941 957 4010 morito,
983 3935 1317 4000 oeconomorum
1392 4003 1401 4011 ,

152 4036 284 4125 offert„
318 4039 488 4106 Intercunt
501 4049 659 4124 parentes
681 4049 715 4105 et
731 4042 909 4126 propinqui
934 4057 975 4100 uc
1006 4055 1138 4102 munero
1160 4034 1316 4122 probunt,

178 4365 209 4456 f)
230 4321 394 4430 trientesqu.¹
411 4327 497 4430 Erpa
512 4359 538 4416 d.
561 4362 616 4416 lois
636 4363 679 4429 3⁰,
700 4331 741 4417 tt.
761 4377 787 4431 p·
808 4357 841 4414 oo
859 4325 902 4428 sqss
968 4444 991 4512 8
