3038 4976
535 239 865 298 *XXV-⁴

118 413 318 511 Petropoli
335 426 373 488 et
401 415 608 509 complures
629 415 671 487 in
696 413 904 504 Helvetia,
917 413 965 491 ae
991 419 1223 514 potissimum
1243 424 1291 496 in·

120 551 316 624 aarum
344 548 438 620 mni
467 547 605 620 serato
627 549 793 642 bospitio
816 554 908 623 urae
932 551 1066 626 rurae
1090 575 1158 648 per
1181 523 1301 627 arra-ur

33 699 42 707 ·
120 683 309 758 societatis
333 681 645 773 opportunitatem
667 679 790 754 babeo
813 685 887 755 mei
917 704 1099 756 memores
1122 687 1291 782 mihique
1345 777 1347 789 Ι

121 817 278 892 dilectos
302 814 452 884 amieos.
503 812 581 886 Se'd
606 817 785 909 quosdam
811 837 939 890 eorum
966 811 1164 890 immatura
1185 831 1290 892 mors

122 950 296 1036 abstulit,
329 964 491 1040 quorum
506 946 658 1038 primus'
673 948 765 1020 mibi
788 948 848 1020 sni
878 951 1104 1022 desiderium
1133 951 1289 1046 reliquit·

121 1079 165 1153 (i.
187 1078 236 1156 G.
258 1080 305 1188 A,
329 1075 566 1167 Erfurdtius,
593 1069 750 1174 quocum
774 1081 866 1152 mihi
885 1071 1006 1177 ¹usque
1029 1085 1077 1154 ad
1095 1084 1176 1155 eius
1193 1081 1291 1156 more
1410 1079 1413 1084 ’

121 1224 199 1288 tem
229 1211 491 1286 suavissimum
515 1212 591 1285 fuit
613 1213 659 1284 de
682 1217 937 1286 communibus
959 1216 1094 1287 studiis
1116 1217 1293 1309 epistola·

53 1416 56 1424 .
121 1368 206 1420 rum
244 1345 516 1438 commertium.
568 1341 676 1417 Obiit
712 1345 792 1428 Fr„
814 1345 1035 1436 Possumus,
1074 1348 1133 1418 vir
1162 1339 1290 1424 variae

124 1463 236 1574 atque
273 1477 457 1572 elegantis
482 1477 740 1565 eruditionis,¹
764 1480 966 1573 quimulta
991 1501 1074 1552 eum
1096 1481 1206 1551 laude
1229 1480 1294 1550 do-

125 1613 204 1704 uuit
242 1609 511 1700 Vrutislavia03
544 1611 638 1681 obiit
667 1606 710 1683 0.
747 1610 957 1707 Reisigius,
996 1611 1167 1707 ingenio,
1203 1611 1293 1699 vita,

123 1745 204 1817 fato
223 1752 300 1814 tom
321 1742 457 1814 similis
477 1741 521 1812 ll.
536 1741 584 1813 A.
597 1740 756 1832 Wolfio,
782 1754 920 1816 utnon
943 1745 1101 1816 viderim
1123 1722 1293 1816 homines

124 1855 190 1996 qui
210 1878 312 1948 iuter
337 1884 379 1948 se'
404 1875 614 1995 similiores
630 1887 766 1949 essent.
816 1875 914 1949 Eum
938 1879 1008 1971 ego
1032 1877 1129 1970 'quod
1154 1877 1295 1949 eximia
1332 1941 1336 1946 .
1404 1947 1406 1966 ,

125 2009 252 2082 indole
271 2029 355 2080 esse
378 2007 570 2096 videbam,
596 2007 794 2082 admodum
816 2012 1089 2092 adolescentem
1109 2010 1150 2080 in
1168 2009 1299 2082 Soeie·

126 2150 242 2212 tatem
264 2137 638 2234 Graecumsuseepi‚
675 2143 717 2226 in
739 2165 812 2236 qua
833 2145 946 2215 talem
970 2165 1013 2214 se
1032 2142 1235 2236 praebuit,
1253 2151 1298 2228 ut

126 2295 202 2344 non
216 2274 463 2368 instiganda,
500 2275 573 2344 sed·
597 2278 801 2348 eoereendu
831 2277 948 2347 fuerit
974 2271 1218 2346 fervidissimi
1237 2271 1296 2343 vis

14 2401 15 2406 ’
128 2415 167 2477 et
192 2406 299 2500 quasi
319 2415 521 2500 tempestas
544 2407 698 2502 ingenii.
746 2406 904 2495 Postea,
931 2429 1044 2501 quum
1064 2403 1218 2514 iuvenes
1237 2404 1296 2476 lit·
1338 2379 1341 2393 Ι

127 2541 240 2612 tereti
261 2537 310 2610 ad
328 2539 561 2611 liberandam
587 2563 610 2611 a
641 2535 837 2614 Gallorum
864 2539 1112 2612 dominatione
1136 2537 1297 2630 patriam
1337 2639 1339 2644 ,

123 2667 178 2743 'ad
199 2693 302 2744 arma
327 2658 644 2760 oonvoeabaritur,
681 2674 722 2744 in
749 2674 870 2768 iisque
898 2673 965 2743 ille
995 2692 1140 2766 qnoque
1162 2688 1298 2741 nomen

130 2804 284 2906 damus
309 2814 409 2892 erat,
430 2805 527 2875 nihil
547 2806 769 2876 intentatum
792 2775 928 2900 reliqui
953 2827 1026 2897 quo
1049 2825 1134 2876 eum
1157 2803 1204 2873 ab
1223 2802 1299 2904 isto

131 2937 287 3009 oonsilio
325 2947 552 3025 averterem,
600 2938 699 3030 quod
736 2939 909 3011 nolebam
951 2937 1051 3036 vitae
1091 2933 1298 3028 perieulum
1395 2987 1398 2992 .

132 3069 277 3156 subire,
320 3090 430 3163 quem
459 3069 587 3142 vibere
621 3091 688 3166 pro
716 3072 854 3145 litteris
876 3041 983 3166 quarn
1006 3067 1130 3162 perire
1151 3073 1218 3160 pr'o
1238 3069 1300 3158 pa·

132 3203 207 3276 uie
228 3203 344 3274 multo
368 3211 470 3274 esset
490 3204 700 3296 optabilius.
753 3204 850 3278 Nam
871 3205 911 3275 in
940 3203 1077 3276 litteris
1102 3200 1213 3271 unius
1236 3197 1301 3268 lro·

133 3334 246 3406 minis
264 3334 456 3426 ingenium
477 3337 603 3406 lumen
627 3302 760 3428 ingens
788 3340 987 3408 universae
1016 3341 1138 3425 potest
1167 3332 1302 3402 deotri-

133 3489 205 3539 nae
225 3447 448 3557 recondere}
473 3466 514 3536 in
532 3466 631 3538 bello
652 3473 777 3541 auteur
795 3469 831 3538 si
855 3467 963 3540 miles
985 3483 1081 3536 unus
1104 3462 1300 3556 gregarius

36 3651 57 3686 ,ι
133 3603 198 3673 aut
227 3598 396 3672 centurio
426 3600 543 3686 ondit,
595 3621 669 3671 non
700 3601 861 3673 sentitur
898 3601 1043 3670 iactura
1083 3595 1303 3688 explerique

51 3763 57 3774 ‘
134 3735 240 3806 loeus
269 3753 293 3802 a
311 3732 447 3826 *quovis
476 3741 608 3826 potest.
662 3732 791 3812 Quare
813 3732 1023 3826 Reisigium
1045 3739 1120 3800 tam
1143 3727 1304 3800 sollicite

135 3867 299 3939 retinere
329 3866 544 3958 studebam,
585 3887 696 3974 qnam
723 3869 838 3938 alium
865 3864 1078 3960 quemdam,
1102 3882 1177 3932 non
1197 3858 1304 3931 illum

137 3999 288 4091 quidem
307 3997 355 4070 de
380 3996 568 4070 Soeietate
595 3992 764 4089 Graeca,
792 4003 927 4071 bonum
950 3995 1060 4089 atque
1080 3991 1304 4066 industrium

139 4129 345 4215 bominem,
379 4131 452 4228 ¹sed
477 4130 618 4202 lantum
644 4133 819 4204 etrnimis
846 4130 1093 4215 laboriosum,
1136 4125 1306 4196 omnibus
1346 4232 1350 4238 .

16 4281 17 4286 ’
110 4263 261 4335 modu
293 4261 343 4330 ad
369 4283 473 4334 arma
502 4263 682 4356 capiendo
698 4265 957 4349 adhortabar,
998 4261 1094 4355 qu'od
1126 4277 1228 4342 eum,
1273 4255 1306 4328 si

143 4395 308 4492 periret,
324 4393 489 4489 peiorem
509 4395 697 4472 furtorum
720 4377 901 4496 effugere,
928 4395 988 4486 siu
1006 4393 1134 4466 salius
1156 4389 1307 4476 rediret,
