3040 5014
551 207 750 292 -rs1iti
809 253 868 268 --
933 193 939 197 ’

131 407 299 494 loqnntnrn
325 427 396 474 csse
419 417 539 473 certum
564 421 626 483 τας
650 408 734 474 idem
757 420 864 474 tamen
887 429 962 478 ‚eum
985 425 1207 497 argumentum
1226 415 1292 479 iarn

133 513 168 574 iu
194 511 286 575 tertio
309 507 393 575 libro
413 512 601 576 tractavisse
626 513 829 598 cognoscitur
849 533 894 576 ex
914 511 1105 598 Harpocrat.
1128 535 1155 579 s.
1171 538 1202 578 v.
1227 540 1293 604 τρι·
1361 531 1375 542 “

132 611 317 702 κέφαλος
302 639 321 680 ο
339 604 484 702 ’ίίρμῆς
505 609 623 700 οίσπερ
639 611 834 682 διδάσκον
826 607 885 692 τὰς
910 608 1005 693 ὁδοὺς
1029 619 1085 694 καὶ
1107 621 1187 704 έχων
1210 607 1294 684 ὑπο-

133 717 307 836 μρρφὴν,
315 716 379 784 ποῦ
402 717 463 801 μὲν
486 704 569 797 οότη
596 715 686 832 φέρει
710 743 730 799 η
717 697 826 795 ’ὁδός
854 717 918 784 ποῦ
946 720 982 783 δὲ
1004 717 1115 801 ίκιίνη.
1156 719 1232 797 ίσοις
1257 721 1293 788 di

134 811 217 905 πρὸς
249 813 390 900 ἑκάστην
419 811 500 886 ὁδὸν
529 812 677 909 νιφαλην
709 809 802 906 εἶχεν.
849 822 918 886 έστι
945 819 1029 886 dd
1014 846 1032 886 ο
1066 813 1206 898 ἀναθείς
1234 815 1293 888 τόν

134 919 333 1011 τρικέφαλον
356 918 499 1006 Ἑρμῆν,
535 911 579 998 ὡς
617 913 802 1036 (ίμλόχορός
826 941 930 1046 φησιν
961 922 1001 990 ίυ
1020 921 1160 1016 τρίτη,
1188 925 1293 1012 Προ·

55 1113 57 1117 ¹
132 1021 260 1103 ’κλείδης
286 1019 332 1112 (s.
359 1024 623 1112 Πατροκλείδης)
646 1015 870 1112 ίππόρχου’
854 1020 1000 1112 ιραστης.
1051 1024 1143 1091 Haec
1165 1025 1291 1112 quidem
1309 1066 1325 1092 ,-
1421 1071 1423 1074 -

112 1195 115 1201 ,
134 1146 154 1187 a
169 1123 323 1188 Bekkero
348 1127 468 1188 omissa
491 1139 565 1190 suut
585 1146 759 1211 eorumque
783 1125 855 1192 loco
881 1129 1004 1190 inserta
1019 1125 1113 1192 hacc.
1140 1127 1294 1218 τρικέφα·

132 1231 205 1306 λος·
236 1225 392 1304 Ἰσαῖος
377 1250 411 1297 ιν
435 1227 483 1312 rui
499 1219 590 1315 ,πρὸς
616 1227 793 1316 Εὐκλείδην
818 1222 964 1316 σμικρὸν
994 1227 1070 1296 W
1046 1254 1114 1298 avo
1139 1231 1200 1298 τοῦ
1223 1254 1294 1318 τρι-

132 1325 277 1418 acutii-oc
302 1323 394 1416 παρσί
420 1323 481 1412 τὴν
502 1328 633 1398 Ἑστίαν
657 1322 767 1398 dedat
806 1323 843 1397 τό
867 1331 988 1418 πλῆρές
1013 1338 1080 1399 ἐστι
1104 1330 1163 1424 cot}
1191 1356 1294 1418 τρικι-

99 1450 103 1460 ‘
133 1431 243 1520 φάλον
272 1429 401 1518 Ἑρμοῦ.
448 1433 568 1500 τοῦτον
597 1435 633 1500 δέ
666 1455 747 1522 φησι
781 1427 964 1520 Φιλόχορος
996 1432 1030 1499 ἐν
1054 1430 1084 1516 y'
1118 1427 1295 1516 Εὐκλείδην

134 1532 220 1621 (scr.
249 1531 452 1620 Ιίροκλιίδην
472 1555 499 1597 s.
526 1537 791 1624 Ποτρυκλείδηντ
820 1536 854 1596 in
875 1555 1014 1598 errorem
1031 1534 1126 1616 duxit
1143 1534 1294 1602 Euclides

132 1635 240 1718 Isaei)
264 1631 444 1704 ἀναθεῖναι
467 1628 675 1719 Ἀμκόλησιν,
700 1675 753 1686 -
777 1638 835 1704 sed
855 1634 1125 1717 habentSuidas,
1149 1636 1293 1716 Pharius,
1400 1709 1411 1729 Ι

133 1736 432 1823 Apostoliusprov.
456 1737 552 1802 XIX.
580 1744 637 1802 51.
689 1739 728 1803 In
750 1748 846 1805 tertio
868 1741 968 1824 igitur
983 1737 1067 1803 libro
1081 1738 1293 1806 Philochorus
1347 1775 1353 1780 ·

134 1838 264 1918 retulit,
286 1853 425 1907 statuam
449 1839 602 1906 Mercurii
625 1841 686 1908 rori
701 1840 860 1927 ἀγοραίου
882 1844 1023 1926 positam
1047 1857 1118 1914 ess'e
1138 1843 1293 1908 archonte

135 1940 294 2016 Cehride;
323 1943 444 2010 ibidem
463 1965 535 2016 cum
557 1946 598 2008 de
614 1943 825 2009 Pisistratidis
843 1959 973 2028 ageret,
1000 1947 1148 2011 coniiciat
1168 1945 1293 2032 aliquis,
1345 1993 1350 2004 .

134 2042 185 2108 his
199 2045 267 2108 fere
282 2048 351 2109 siue
366 2048 511 2130 proxime
525 2045 729 2130 sequentibus
741 2043 937 2130 temporibus
952 2043 1122 2109 Cebridem
1136 2049 1294 2132 quendam

135 2147 278 2232 gessisse
301 2169 459 2212 summum
482 2146 619 2210 Athenis
641 2151 884 2234 magistratum,
910 2147 967 2212 sed
991 2148 1161 2214 cum'aliis
1181 2148 1292 2215 m'nitis
1373 2225 1384 2240 .

136 2249 281 2312 eiusdem
299 2251 414 2312 aetatis
428 2246 636 2319 archontibus
651 2271 695 2313 ex
713 2251 807 2313 fastis
829 2246 946 2313 Atticis
965 2271 1096 2332 prorsus
1117 2235 1291 2316 excidisse.

133 2350 267 2420 Accedit
286 2352 371 2435 qnod
392 2353 488 2414 etiam
503 2349 748 2416 Lucienuslov.
762 2352 904 2442 tragocd.
920 2372 990 2436 cap.
1007 2357 1065 2417 33.
1088 2350 1294 2432 huncforcn·

134 2475 201 2518 sem
216 2451 408 2518 Mercurium
425 2467 459 2518 ut
473 2455 696 2538 perantiquum
719 2452 880 2517 describit.
947 2473 955 2489 ⁵
1335 2539 1338 2546 ἱ

160 2619 164 2625 ,
236 2555 387 2642 Sequitur
410 2579 455 2620 ex
475 2556 525 2620 his
546 2554 719 2636 omnibus,
749 2571 784 2621 ut
804 2553 909 2638 πύλη,
933 2556 977 2620 ad
1001 2579 1096 2642 qnam
1118 2558 1212 2621 item
1214 2545 1293 2623 casu

110 2637 265 2722 ‘fortuito
289 2658 448 2722 collocata
471 2672 542 2723 erat
562 2671 666 2723 statua
689 2641 855 2738 Mercurii
864 2659 1024 2736 forensis,
1051 2661 1179 2724 diversa
1197 2661 1293 2724 fuerit

136 2757 176 2840 ab
199 2759 370 2843 caparra,
393 2782 414 2822 a
439 2779 503 2844 qna
525 2781 641 2823 nornen
664 2763 789 2844 accepit
811 2759 913 2824 altera
935 2759 1077 2824 ciusdem
1101 2760 1181 2824 dei'
1172 2782 1292 2850 unago.

135 2859 354 2946 Haec'quaiis
374 2863 470 2926 inerit
489 2881 553 2923 non
576 2863 678 2924 ausint
702 2883 760 2946 pro
782 2862 1012 2937 cenaticum,
1037 2863 1094 2924 sed
1114 2861 1200 2925 haud
1225 2867 1292 2928 scio

136 2984 178 3026 an
201 2984 311 3028 verum
334 2965 450 3028 viderit
471 2960 649 3043 osannae.
664 2968 718 3049 qui
738 2965 773 3026 in
795 2977 904 3028 annot.
931 2964 970 3028 ad
992 2954 1134 3050 Lycurg.
1156 2978 1235 3028 orat.
1257 2967 1293 3029 in
1381 3013 1383 3018 -

133 3065 284 3129 Leocrat.
301 3089 331 3150 p.
349 3072 409 3132 31.
431 3064 588 3151 portulam
604 3087 714 3130 versus
733 3066 901 3130 Piraeeum
919 3079 1118 3150 spectantem
1132 3065 1293 3152 iutelligit,

134 3169 167 3235 id
188 3169 273 3253 quod
296 3190 360 3232 non
384 3166 488 3233 solunt
513 3188 552 3232 eo
579 3189 735 3253 perquam
764 3170 1021 3248 commendatur,
1053 3169 1137 3254 quod
1164 3168 1293 3234 Piraeei
1399 3251 1401 3254 Ι

50 3269 56 3278 “
135 3291 251 3334 caussa
271 3271 379 3334 haec
370 3293 480 3356 rmago
504 3269 663 3336 collocata
679 3283 745 3348 est,
768 3293 878 3336 verum
896 3270 1102 3336 confirmatur
1115 3274 1211 3334 etiam
1227 3292 1293 3336 uno

134 3370 206 3436 loco
227 3369 482 3456 Xenophontis'
474 3395 506 3435 rn
530 3370 659 3493 Hellen.
683 3371 726 3434 li.
751 3380 786 3450 4,
811 3381 844 3438 8.
871 3368 991 3440 τόνόὲ
1009 3364 1293 3464 απογραφοίμινον

134 3471 185 3541 titi
206 3469 262 3540 δια
287 3477 346 3556 τῆς
367 3473 501 3552 πυλίδος
522 3474 575 3540 ἐπὶ
595 3467 658 3555 τὴν
675 3469 892 3540 θάλατταυὲ
878 3473 1010 3554 ἐξιέναι,
1033 3469 1157 3536 duobus
1172 3473 1294 3556 Lycur·

68 3593 73 3604 “
134 3579 169 3662 gi
188 3571 350 3640 inLeocr.
379 3584 410 3657 ξ.
429 3582 486 3640 17.
512 3571 770 3664 Λιοκράτηςδὲ
795 3571 919 3642 τούτων
945 3568 1077 3650 οὐδενὸς
1082 3579 1324 3698 ,ρφροντίσαςἱ

134 3675 414 3794 σνσκιυασοίμινρς
440 3673 462 3744 ti
495 3668 560 3764 εἶχε
591 3703 745 3800 χρηματα
773 3670 858 3762 μετὰ
888 3674 954 3744 τῶν
984 3673 1116 3744 οἰκετῶν
1148 3680 1201 3744 ἐπὶ
1234 3672 1293 3746 τόν

134 3778 254 3864 λέμβον
274 3774 482 3866 κατεκόμισε,
515 3805 572 3860 της
591 3775 667 3856 νιώς
689 3774 753 3860 ἤδη
780 3783 854 3895 περι
873 3773 936 3857 τὴν
955 3771 1060 3859 curris
1082 3770 1295 3903 ίξορμοόσης,

134 3883 189 3962 καί
211 3885 281 3967 περὶ
302 3881 452 3966 δείλην
431 3880 542 3999 ιοφίαυ
565 3875 666 3958 αὐτός
690 3873 770 3962 μετοί
790 3904 845 3962 της
867 3880 997 3966 ἑταίρας
1016 3874 1191 3999 Εἰρηνίδος
1207 3877 1295 3948 uacci
1369 3915 1383 3924 -

133 3980 236 4069 μέσην
266 4006 327 4064 την
358 3978 462 4066 ἀκτὴν
491 3975 545 4052 δια
580 3984 639 4064 τῆς
669 3983 805 4062 πυλίδος
837 3977 978 4062 ἐξελθών
1010 3973 1093 4067 πρὸς
1122 4005 1180 4062 την
1209 4007 1292 4052 ναυν

133 4083 353 4207 προρέπλιυοι
381 4091 435 4154 καί
462 4081 563 4176 ρίχιτο
596 4079 742 4177 φιόγον,
775 4090 861 4165 σιξ.
885 4087 941 4148 55.
962 4073 1024 4149 orr'tt
1049 4089 1084 4148 ἐκ
1105 4082 1166 4164 τῆς
1189 4076 1291 4166 ἀκτῆς
1342 4145 1347 4150 .

133 4179 304 4266 κατά,τὴν
328 4191 448 4255 πυλίδα
474 4189 685 4273 ἐμβαίνουσιν
707 4190 739 4252 oi
752 4210 813 4252 κατ
819 4184 1006 4273 ’ἐμπορίαν
1021 4187 1185 4266 πλέοντες,
1211 4178 1289 4256 ἀλλ
1343 4271 1346 4277 ¹
1392 4213 1400 4223 ·

132 4288 167 4358 ἐκ
192 4283 252 4355 τοῦ
284 4286 429 4377 λιμένος,
462 4281 529 4356 ὑπὸ
562 4285 692 4372 πάντων
724 4287 789 4366 τῶν
817 4279 1101 4379 φίλνν“ὁριέμενοι
1125 4287 1182 4353 καί
1206 4277 1290 4354 ἀπο·

53 4445 60 4461 .
92 4437 98 4446 -
131 4381 347 4478 στελλόμενον
390 4389 532 4492 Είίὶυίίιυ
546 4405 580 4456 ιιι
594 4383 614 4473 ἡ
629 4392 723 4468 πνλίς
737 4387 863 4476 portula
877 4391 954 4478 (ein
968 4385 1161 4472 Pidrtchen)
1180 4387 1316 4471 fuerin,
1344 4490 1348 4508 .
