3040 5014
545 154 602 220 -ss-
664 159 749 244 tue
803 177 869 226 ·-'··2

125 365 289 449 disputata
306 333 396 460 duat,
422 363 456 424 in
474 361 616 426 secundo
631 361 850 458 ‘qnoqueloco
867 383 930 430 nen
949 375 998 430 est
1015 365 1098 450 quod
1113 367 1288 452 cogitemus
1331 409 1339 424 ι
1372 418 1397 429 t.

127 469 168 532 de
185 464 302 551 populo
317 463 572 530 Atheniensium.
608 461 755 528 Theseus
779 467 905 552 quidem
922 464 1174 532 Atheniensibus
1188 470 1290 552 impe-

125 573 228 648 ravit,
254 566 310 632 sed
334 570 411 630 eias'
427 565 783 636 taurenhistoriatam
808 566 912 633 affinis
937 583 986 634 est
1010 571 1148 655 antiquis
1168 569 1290 660 fabulis

127 685 223 757 atque
242 671 387 755 apostis
410 683 555 754 corrupta
577 681 609 733 et
634 685 811 745 exornata,
842 683 876 736 ut
898 673 961 756 ipsi
992 685 1116 735 veteres
1146 675 1197 750 ei,
1226 693 1289 758 quc

126 777 225 837 etiam
247 792 364 836 nornen
386 771 491 850 ducit,
517 773 681 836 uodonem
698 774 891 839 ordinatoris
911 775 1291 866 atque-institutorisrei*

16 959 17 962 Ἴ
126 866 278 960 publicae
298 877 332 938 in
356 876 540 938 universum
560 873 740 942 subiecisse
757 877 935 940 videantur.
987 873 1052 940 Sed
1070 876 1209 939 fortasse
1227 895 1291 942 non

128 977 277 1062 estquod
294 975 473 1040 in'lh‘eseo
491 977 709 1058 offendamus,
733 980 849 1064 quippe
873 979 962 1042 ouius
983 979 1155 1064 imaginem
1180 975 1290 1042 solita·
1363 973 1383 981 ‘⁴

126 1083 210 1156 riam
227 1080 328 1144 luisse
342 1101 402 1144 nec
420 1076 489 1143 ullo
506 1082 569 1143 uiti
590 1082 717 1144 interno
740 1082 936 1166 fortuitoque
952 1081 1090 1165 quodam
1105 1081 1203 1144 modo
1219 1101 1291 1144 curu
1374 1101 1375 1106 ¹

127 1183 272 1268 imagine
289 1181 516 1246 Democratiae
534 1181 691 1268 Dareique
712 1183 896 1249 cohaesisse
911 1197 976 1247 tam
992 1180 1104 1270 colligi
1121 1195 1224 1267 potest
1245 1203 1292 1254 ax,

15 1351 17 1354 .
128 1283 237 1348 verbis
254 1283 418 1349 Plutarchi
432 1284 466 1348 d:
475 1281 559 1369 glor.
577 1285 653 1351 Ath.
671 1307 739 1369 cap.
751 1293 791 1354 ,2.
814 1277 999 1374 Εὐᾳρᾰνωρ
1025 1287 1082 1352 τὸν
1107 1286 1216 1366 Θησέα
1235 1279 1312 1352 τὸν,-
1348 1313 1350 1320 ’

129 1388 249 1454 ἑαυτοῦ
273 1385 317 1476 τῷ
337 1389 537 1478 Παρρασίου
557 1387 721 1473 παρέβαλε
741 1387 842 1472 λέγων
866 1392 952 1474 ath,
975 1387 1060 1470 quod
1077 1408 1141 1449 non
1159 1387 1291 1452 lecisset

128 1487 319 1572 Euphranor
342 1487 392 1568 (is
413 1489 497 1552 enim
521 1488 624 1571 pictor
645 1501 714 1551 erat
733 1487 844 1552 harum
862 1487 1059 1568 tabularum,
1083 1503 1118 1552 ut
1133 1490 1179 1580 eit
1194 1488 1291 1552 Paus.

131 1591 254 1674 §‚·3,‚)‚
281 1593 308 1654 si
332 1587 491 1652 Theseum
517 1611 588 1653 cum
611 1589 817 1655 Democratiu
837 1590 1006 1676 llernoqua
1030 1593 1232 1654 coniunctum
1256 1593 1291 1654 in

63 1701 68 1706 '
130 1714 194 1755 rrnu
209 1691 318 1756 tabula
333 1693 574 1776 descripsisset,
602 1712 695 1776 quam
712 1716 756 1759 ex
772 1691 869 1756 Plinii
893 1693 968 1758 hist.
982 1704 1049 1755 nat.
1063 1689 1211 1758 XXXV.
1223 1697 1246 1757 ,l
1258 1699 1291 1773 l,

131 1801 201 1871 40,
226 1796 280 1879 qui
296 1797 372 1857 item
391 1792 554 1862 Theseum
571 1792 675 1857 solum
692 1795 907 1880 Euphranoris
924 1808 1169 1875 manuteneret,
1195 1797 1239 1859 ita
1256 1806 1291 1858 ut
1328 1787 1335 1802 ⁸

130 1898 305 1980 strapiceris
330 1917 455 1960 errasse
481 1895 677 1962 Pausaniam
701 1918 771 1986 cum
797 1899 928 1962 adderet
950 1895 1065 1962 uerba:
1100 1897 1196 1978 δηλοῖ
1212 1900 1247 1979 dl
1268 1895 1290 1979 ἡ
1333 1977 1335 1986 s

102 2007 104 2012 '
129 1999 264 2086 γραφὴ,
302 1998 411 2079 Θησέα
444 1987 525 2066 εἶναι
556 1995 615 2066 τὸν
646 1995 898 2082 καταστήσαντα
931 1997 1185 2080 narratore-tt
1218 1999 1292 2066 ἰ’σσυ
1319 2026 1321 2030 ·

129 2098 378 2180 πολιτεύεσθαι,
404 2103 576 2186 separatim
599 2103 696 2186 igitur
716 2105 836 2185 pictam
857 2123 930 2166 csse
951 2101 1192 2168 Democratiam
1219 2120 1292 2165 euru
1406 2173 1410 2177 .

130 2201 256 2281 Denta,
287 2216 441 2286 tanquam
471 2215 604 2278 matrem
633 2223 703 2267 cura
730 2201 812 2268 filio.
863 2203 920 2268 Sin
946 2195 1187 2268 autem‘verum
1212 2205 1293 2268 vidit

131 2319 227 2390 atque
238 2304 367 2368 tradidit
381 2303 574 2381 Pausanias,
599 2325 662 2368 non
677 2303 770 2370 obsto
784 2305 964 2387 nollemus
986 2304 1048 2369 hoc
1063 2303 1136 2396 lpco
1157 2324 1215 2392 pro
1236 2326 1293 2390 pc·

129 2405 208 2491 pola
222 2404 465 2472 Atheniensium
480 2404 647 2490 hahentur.

228 2507 342 2574 Restat
355 2522 389 2573 ut
403 2495 613 2594 quaeramus,
634 2529 696 2594 qno
712 2509 806 2574 modo
822 2507 944 2574 Deraas
957 2505 1054 2572 huius
1078 2510 1191 2574 tertiae
1210 2507 1293 2576 clas·

121 2599 178 2676 'ets
197 2622 458 2697 repraesentatus
481 2614 533 2676 sit.
582 2609 823 2676 Abstractarum
848 2615 1015 2678 notionum
1038 2615 1199 2697 imagines
1228 2633 1293 2677 non
1348 2600 1371 2647 2

131 2731 230 2798 posse
253 2710 398 2798 intelligi
415 2725 510 2797 atque
534 2711 691 2798 explicari
711 2697 921 2782 nisiadiectis
936 2712 1123 2800 quibusdam
1138 2710 1294 2796 syntholiu

13 2895 15 2902 Ι
131 2817 201 2878 sive
215 2812 417 2902 insignibus,
441 2817 657 2878 certissimum
677 2826 738 2878 est.
791 2812 899 2889 Quare
915 2814 1092 2880 Audaciam
1115 2815 1293 2897 praeditam
1346 2847 1352 2858 κ
1401 2873 1404 2880 .

132 2916 282 2980 ridemus
297 2915 441 2981 Victoria
456 2931 488 2980 et
502 2930 652 3002 tropaea,
677 2916 841 2982 Honorem
859 2914 970 3004 gladio
985 2935 1145 3001 cornuque
1168 2917 1292 3001 copiae,

131 3014 303 3084 Fortunam
319 3030 400 3098 ruta,
433 3017 533 3104 Spem
548 3018 648 3100 llere,
680 3017 806 3088 Bonum
820 3020 978 3086 Eventum
993 3021 1093 3102 spicis
1107 3032 1293 3104 pateraque,

132 3119 341 3186 Securitatem
357 3119 517 3188 columna.
542 3121 640 3188 Derai
655 3136 761 3188 tamen
778 3145 858 3208 quae
873 3123 1148 3208 luerintiosignia
1163 3119 1293 3186 difficile

133 3225 237 3298 dictu3
266 3245 419 3289 eoronam
440 3226 471 3287 ei
496 3247 561 3288 non
586 3226 726 3289 delu'se
748 3247 805 3310 pro
830 3240 915 3291 certo
932 3223 1175 3298 affirnraverin13
1202 3245 1294 3308 prae·
1332 3253 1339 3262 ·

58 3351 61 3356 ·
133 3339 223 3389 terea
239 3327 373 3410 eogitari
389 3339 496 3408 potest
511 3326 550 3388 de
565 3347 665 3390 corun
680 3328 793 3409 copiae
812 3329 895 3412 (quc
916 3327 1024 3388 ornari
1039 3323 1166 3388 solebat
1179 3329 1294 3410 genius

133 3425 247 3511 pupuli
270 3426 444 3512 Romani),
478 3427 561 3494 adde
584 3440 760 3506 tesseram,
793 3429 990 3512 scipionem,
1021 3423 1185 3511 gladium,
1210 3447 1295 3508 sym·
1337 3455 1338 3462 ¹

133 3527 209 3593 bola
232 3531 324 3615 qnasi
345 3527 529 3605 concionis,
556 3529 701 3610 indicii,
714 3528 803 3595 belli.
855 3526 951 3603 Quod
973 3529 1001 3592 si
1023 3529 1152 3596 cainan
1169 3521 1295 3610 sufficit,

134 3639 295 3698 ruerueoto
316 3645 440 3698 veteres
463 3629 547 3696 haud
563 3653 638 3698 raro
653 3634 814 3719 imagines
829 3629 1091 3715 inscriptionibus
1104 3627 1296 3714 illustrasse,

13 3810 14 3822 1
133 3734 179 3796 ita
195 3746 228 3820 ut
243 3735 349 3798 omnis
364 3735 394 3798 si
407 3754 470 3820 qua
485 3749 670 3818 superesset
685 3733 865 3804 obscuritas
886 3732 982 3819 plane
1003 3744 1233 3798 assuesceres·
1331 3791 1334 3804 Κ

235 3900 315 3988 Cep.
328 3901 368 3967 ll.
384 3907 413 3984 ἦ.
430 3913 464 3969 4.
489 3872 553 3972 ael
572 3893 692 3981 stadia
713 3897 778 3993 apd
804 3900 914 3970 αὐτῶν
930 3899 1056 3988 χαλκαῖ
1066 3901 1121 3966 καὶ
1134 3895 1298 3986 γυναικῶν

13 4023 14 4026 ’
75 4001 80 4006 ’
134 3995 350 4094 κσὶᾶνόρῶν,
383 3995 473 4084 ὅσοις
498 4029 530 4072 τι
555 3996 683 4095 ὑπῆρχε
702 4009 757 4072 aui
783 3991 831 4073 civ
852 4029 902 4083 τις
922 3999 1018 4090 λόγος
1031 4009 1063 4080 ἐς
1085 3998 1193 4084 δόξαν.

238 4132 377 4200 Siebelis
391 4160 436 4204 ert
451 4133 694 4224 Codd.'Mosqu.
709 4121 886 4202 etlttonao.
901 4117 989 4200 dedit
1004 4123 1093 4210 ὅσοις
1106 4158 1141 4200 ss
1155 4124 1299 4219 ὑπῆρχεν
1330 4190 1334 4198 .

100 4231 103 4234 ’
135 4235 184 4304 dv
207 4261 268 4316 τις,
282 4233 382 4323 λόγος.
402 4239 435 4315 ἐς
460 4231 577 4320 δόξαν,
616 4239 787 4306 Bekkerus
804 4259 844 4302 ex
858 4237 1007 4306 Parisino
1021 4256 1080 4298 suo
1095 4232 1194 4318 (nihil
1213 4234 1297 4298 enim
1323 4267 1326 4272 ·

52 4431 57 4440 „
138 4341 305 4430 varietatis
318 4340 501 4427 adnotavit)
524 4337 615 4422 duom
636 4367 668 4412 rt
683 4341 837 4452 ,torpeo
862 4327 909 4410 dr
934 4363 983 4418 tte
1008 4328 1103 4456 λόγος
1128 4343 1160 4415 lt
1181 4327 1298 4424 Uretur,
