3040 5014
566 110 944 242 ’-ιιι-.-

113 401 120 410 1
205 355 439 426 certaminibus
463 367 690 430 consumuntur
713 357 788 420 anni
809 353 864 422 01.
887 353 1025 434 GKVH,
1042 359 1076 420 3.
1093 364 1138 420 4.’
1164 351 1319 433 cxvtm
1341 361 1378 418 t.

105 539 110 543 ¹
209 459 415 528 archontibus
429 458 716 538 Hieromnemona,
735 457 920 536 Demetrio,
947 457 1087 523 Charino
1108 456 1217 539 (Diod.
1236 453 1317 521 XX.
1338 463 1379 520 2.

211 570 270 630 2⁷.
287 563 380 648 37.);
403 560 457 626 Ol.
474 558 624 636 CXVllL
642 568 675 626 2.
692 559 845 625 archonte
859 559 1057 638 Anaximatc
1072 559 1184 646 (Diod.
1200 559 1279 624 XX.
1295 563 1378 650 45.)

30 710 32 714 -
93 729 96 734 ,
209 669 336 744 demum
367 663 551 728 Demetrius
575 665 715 729 redactis
740 665 774 726 in
802 665 957 738 ditionem
985 662 1119 727 Athenis
1147 663 1235 726 iussu
1270 663 1378 745 putris

161 801 164 806 ·
209 767 351 851 Cyprum
374 787 447 830 cum
473 767 614 854 exercitu
636 787 671 830 sc
697 765 821 830 confert
842 764 950 854 ibique
980 763 1166 830 Menelaum
1192 761 1377 834 Ptolemaei

129 856 131 862 s
206 884 388 954 praetorem
406 867 527 953 proelio
542 868 650 934 vincit.
704 865 892 938 Diod-XX.
909 873 969 934 47.
1021 865 1101 943 Quis
1122 869 1293 952 igiturest
1314 869 1373 952 qui

209 971 336 1046 credat,
361 970 573 1035 haecomnia
599 993 617 1052 a
641 968 820 1049 Pausania,
852 969 967 1035 harum
991 993 1098 1034 rerum
1124 970 1369 1034 accuratissimo

208 1087 411 1150 enarratore,
439 1070 568 1135 silentio
592 1072 687 1158 plane
709 1075 936 1155 praetermissa
959 1095 1054 1168 esreq
1074 1075 1145 1158 qnis
1167 1093 1290 1157 quaeso
1311 1057 1371 1156 qui

209 1177 335 1250 credat,
361 1177 498 1260 quinquo
523 1176 616 1238 annis
638 1176 718 1238 inter
733 1174 899 1258 Syriacam
916 1191 1010 1261 atque
1026 1173 1195 1259 Cypricam
1212 1173 1372 1250 Demetrii

209 1277 447 1362 expeditionem
471 1279 647 1343 interiectis
668 1279 874 1360 scriptorem,
892 1281 993 1365 :quasi
1009 1281 1038 1340 si
1052 1277 1130 1342 nihil
1147 1264 1244 1360 plane
1262 1289 1368 1341 actum

207 1398 294 1445 esset
309 1378 453 1464 nihilque
471 1383 624 1463 temporis
643 1382 860 1460 interfuisset,
882 1384 1022 1466 aprima
1044 1381 1084 1444 ad
1110 1379 1242 1456 alteram
1261 1377 1368 1447 verbis

207 1473 399 1560 διελθόντος
416 1485 451 1547 δὲ
468 1483 528 1549 τοῦ
544 1482 700 1568 χειμῶνος
721 1481 900 1546 transsilira
920 1483 1090 1569 potuisset*
1135 1481 1220 1546 'Pam
1243 1495 1368 1566 turpem
1477 1555 1480 1562 ¹

206 1605 347 1662 errorem
377 1585 609 1669 quovismodo
635 1606 655 1648 a
685 1583 849 1650 Pausania
871 1587 1101 1652 renrovendur'n
1133 1607 1206 1648 esse
1233 1605 1368 1663 eonseo;

204 1691 313 1772 itaque
328 1707 392 1750 non
406 1684 519 1750 dubito
533 1689 610 1770 quin
625 1689 708 1751 inter
723 1688 865 1769 quintam
881 1704 975 1774 atque
989 1706 1115 1778 sextam
1131 1685 1369 1772 paragraphum

206 1788 366 1854 exciderit
388 1791 589 1870 quantmnvis
608 1790 770 1852 succincta
793 1789 967 1877 descriptio
991 1811 1099 1854 earum
1117 1811 1221 1853 rerum
1242 1809 1326 1873 quae
1346 1809 1378 1855 a

203 1889 393 1964 Ptolemaeo
409 1892 546 1976 quinque
561 1892 629 1956 istis
645 1893 738 1956 aunis
753 1888 880 1976 Olymp.
897 1891 1035 1970 CXVII,
1053 1899 1073 1956 2
1091 1931 1143 1942 -
1159 1889 1315 1972 vattt,
1333 1899 1368 1956 2.

181 2033 182 2036 =
206 2009 318 2080 gestae
335 2007 418 2058 sunt.
1347 2045 1350 2054 .

222 2133 234 2154 ’λ
307 2159 387 2246 Cap.
403 2160 496 2254 Xlll.
512 2168 595 2244 §.3.
623 2108 829 2250 Κ2εομένοοι,Ι
856 2163 891 2228 δὲ
916 2156 1186 2255 ἆποᾶιινόνιος’
1173 2151 1309 2254 νοτιρον
1335 2168 1369 2244 ἐξ

204 2252 448 2392 ἀμφισβήτησιν
468 2265 707 2347 κατέστηιοον
698 2269 770 2354 περὶ
794 2267 853 2349 τῆς
873 2263 978 2352 αρχῆς
1001 2260 1147 2354 Ἀρεος“
1132 2291 1150 2332 ο
1167 2259 1367 2354 Ακροιάτου

203 2373 259 2438 καὶ
285 2363 495 2454 Κλεώιομος·
525 2363 589 2452 ὅτῳ
617 2363 657 2450 δὴ
681 2365 793 2462 codam
816 2363 987 2455 prociduis
1012 2365 1123 2454 ἐπάγει
1155 2359 1295 2462 Πύρρον
1320 2377 1369 2453 εἰς

157 2560 158 2569 ¹
189 2463 266 2552 ’την
292 2462 414 2558 χώραν.
451 2525 452 2528 ,

206 2582 215 2598 ’
301 2601 507 2686 Hic-quoque
529 2597 649 2685 aliquid
672 2573 836 2666 excidisse
857 2613 980 2670 tantum
996 2621 1061 2666 non
1081 2622 1194 2666 omnes
1208 2606 1366 2689 interpre-

204 2717 255 2768 tes
277 2703 518 2769 intellcxerunt.
569 2695 774 2770 Loesclierus
795 2691 889 2781 οὗτος
910 2699 974 2788 ὅτῳ
999 2705 1039 2786 δὴ
1063 2729 1112 2794 ορ.
1136 2707 1235 2771 scribi
1255 2705 1368 2788 voluit,

205 2799 242 2884 ilc
266 2802 331 2897 ὅτῳ
357 2803 399 2887 δι’]
426 2830 475 2900 sp,
503 2827 575 2880 curn
601 2805 924 2894 Clavigero'soripsit
944 2806 1099 2896 Siebelis,
1133 2806 1368 2874 consideratius

130 2934 132 2940 ’
203 2907 376 2976 Bekkeros
399 2930 439 2971 ex
465 2911 688 2976 emendatione
716 2910 854 2974 Porsoni
887 2908 967 2996 [καὶ
992 2909 1211 3001 Κλεώνυμος]
1234 2909 1300 2996 ὅτῳ
1326 2909 1380 2994 δὴ,
1483 2971 1488 2980 .

204 3036 252 3098 πρ.
275 3015 342 3078 atl-
395 3009 489 3088 Qtrod
502 3010 577 3073 lroet
590 3014 783 3076 tutissimum
801 3033 875 3076 esse
892 3012 1054 3091 videatur,
1077 3027 1186 3078 tamen
1207 3017 1366 3078 maiorem

203 3112 370 3176 lacunam
382 3112 461 3176 his
451 3135 486 3176 m
512 3111 619 3176 verbis
642 3133 795 3179 essenon
814 3133 897 3178 vana
915 3125 965 3176 est
972 3118 1139 3230 susspicio,
1167 3139 1240 3180 cum
1255 3115 1367 3202 paullo

206 3229 279 3281 anta
296 3215 527 3335 scriptumsit:
561 3207 756 3301 Κλεώνυμος
783 3217 820 3282 dd
841 3201 940 3294 οὗτος
965 3207 984 3282 ὁ
1010 3211 1068 3288 τὸν
1092 3214 1228 3307 Πύρρον
1251 3218 1368 3288 ἀπολι-

204 3314 376 3386 πάντατὰ
400 3309 603 3386 Μακεδόνων
628 3322 743 3396 nalocc
766 3324 798 3398 a
823 3313 1079 3402 Πελοπόννησον
1105 3322 1233 3401 ἐλθεῖν,
1258 3326 1366 3392 Acar·

202 3413 425 3508 dccpdvroc'
398 3445 445 3488 ιον
469 3422 743 3504 Λακεδαιμονίοις
768 3416 908 3506 στρατὸν
932 3423 964 3499 ἐς
992 3417 1053 3504 τὴν
1076 3420 1186 3538 χιῦριιν
1210 3427 1368 3507 πολέμιον

204 3522 316 3606 ἐπῆγε,
359 3514 413 3588 δι’
437 3515 585 3590 αἰτίαν
617 3516 663 3599 ἣν
694 3522 769 3603 tyci
802 3517 876 3586 τοῦ
908 3544 1056 3604 γινοος
1085 3512 1266 3604 ὕστερον
1289 3545 1365 3588 τον

204 3613 460 3698 Κλιωννμον
491 3615 672 3700 δηλώσω.
721 3618 832 3703 ,Itaque
871 3618 1070 3685 absoluta
1060 3642 1128 3686 rarn
1170 3620 1366 3709 genealogia

203 3722 315 3808 paullo
352 3719 534 3784 ulteriorem
567 3721 783 3784 narrationem
811 3741 852 3798 ac
877 3719 1101 3788 dilucidiorem
1127 3726 1366 3809 expositionem

206 3846 313 3888 earum
337 3843 523 3898 caussarum
544 3807 753 3906 requirimnS,
786 3844 831 3888 ex
855 3822 969 3910 quibus
995 3823 1190 3909 Cleonymus
1210 3826 1366 3912 Pyrrhum

207 3927 411 3998 arcessiuit,
416 3926 610 4008 requirimus
631 3927 728 3991 etiam
752 3938 787 3990 ot
804 3948 866 4011 pro
883 3948 973 3991 more
986 3949 1044 3992 suo
1060 3928 1242 3995 Pausanias
1257 3930 1365 4018 aliquo

207 4041 293 4095 certa
315 4021 472 4100 uocabulo
497 4015 659 4109 (velut
620 4049 716 4106 ουτος
731 4011 792 4096 οὖν
813 4027 832 4096 ὁ
852 4026 1047 4116 Κλεώνυμος
1060 4032 1143 4116 κτλ)
1166 4034 1207 4098 ad
1225 4037 1366 4118 promis·

198 4150 280 4198 ,euru
302 4149 400 4213 supra
423 4130 585 4212 respiciat.
637 4128 704 4194 Sed
726 4129 802 4194 nolo
823 4134 920 4196 nimis
942 4153 1013 4225 esse
1037 4135 1236 4231 suspicax,
1238 4159 1299 4202 neo
1317 4157 1366 4198 re·

205 4229 360 4324 pugnabo
380 4230 410 4294 si
433 4233 505 4316 quis
527 4231 715 4312 contendat,
740 4231 936 4301 Pausaniam
957 4257 1118 4303 summam
1141 4238 1292 4324 promissi
1316 4237 1366 4300 sui

206 4331 428 4436 'complevisse
451 4329 557 4401 verbis
590 4322 799 4423 Κλεομένους
831 4335 867 4430 di
900 4331 1135 4422 ἀποθανόντος
1166 4335 1308 4430 ὕστερον
1335 4346 1368 4416 ἐς
