3040 5014
520 227 605 248 2-
664 140 751 268 'aaa
809 227 868 254 -

46 405 50 410 ·
122 387 348 474 disputationis
369 351 446 475 pairs
471 384 674 455 alternatos
696 383 906 468 admirata,
938 389 1129 474 qtram‘rlixi
1159 375 1230 454 esse
1254 389 1290 455 io

120 487 204 555 Boni
227 491 431 576 cognitione,
454 503 565 575 utpote
587 483 822 558 excellentiore
844 505 877 556 ct
899 491 938 556 sd
961 491 1192 577 rempublicam
1206 505 1291 558 recte

101 591 368 680 'gubernandam
392 595 537 658 maxime
561 595 754 658 necessarie,
804 592 1020 680 Distinguitur
1042 589 1147 661 eutem
1170 594 1193 658 l.
1210 592 1233 658 l.
1248 591 1290 660 ab

18 782 25 788 ι
125 699 279 762 universo
301 694 516 782 adspectabili
537 696 601 786 (τῷ
621 693 768 786 ὁρατῷ),
801 697 834 760 in
859 719 922 782 quo
945 695 1290 782 supremalloniidea,

123 812 292 884 tamquam
310 819 416 864 rerum
438 812 598 876 rectarum
620 812 653 866 et
674 798 857 886 pulmarum
880 821 1015 880 caussa,
1038 801 1103 866 sim
1121 821 1216 865 suam
1229 821 1290 866 ex-

71 963 74 968 ,
124 903 258 986 promit,
285 894 322 968 τὸ
337 892 473 984 νοητόν,
496 903 527 969 io
542 922 605 986 quo
621 900 705 969 haec
721 903 794 966 idea
816 914 949 987 regnat,
975 916 1010 967 ut
1026 901 1291 987 quialiuxsruur
1401 980 1403 984 ¹

7 1027 18 1033 ·
125 1017 157 1068 et
173 1005 371 1068 terrestrium
383 1024 488 1071 rerum
508 1005 662 1080 uarietate
677 1017 745 1084 tota¹
758 1015 864 1071 moute
877 1004 920 1068 ad
938 1001 1022 1068 Boni
1036 1005 1142 1068 ideam
1161 1007 1290 1070 intuen-

125 1107 198 1170 dam
216 1119 389 1172 conversus
402 1109 507 1192 ipsum
520 1109 744 1190 conspexerit,
765 1107 795 1173 is
818 1107 945 1172 demum
961 1109 1065 1190 possit
1076 1129 1131 1170 res
1148 1109 1290 1192 privates

125 1222 157 1274 et
172 1207 317 1294 publico
331 1211 495 1294 sapienter
508 1231 620 1295 gerere
645 1200 836 1300 (ἐμφρόνως
860 1204 1013 1296 πράττειν
1039 1203 1060 1292 ἢ
1084 1209 1153 1300 ἰδίᾳ
1176 1202 1199 1292 ι’)
1229 1211 1291 1292 δη·
1375 1205 1379 1212 ’

121 1311 250 1402 μοσίᾳ).
302 1311 505 1397 Quamquam
530 1312 584 1396 qui
603 1333 688 1379 eum·
701 1303 938 1396 conspexerit„
958 1334 1013 1378 res
1031 1311 1191 1378 hunuanus
1215 1333 1291 1378 coo·

124 1426 291 1494 terraneos,
307 1417 348 1480 ad
364 1436 515 1500 suprema
528 1411 587 1478 illa
601 1415 828 1501 cognoscenda
847 1427 1000 1499 perpetuo
1015 1415 1150 1482 deicitur.
1177 1413 1292 1501 Neque

37 1533 48 1542 ·
125 1524 293 1602 quisquam
317 1515 401 1584 hauc
422 1515 506 1580 Boni
529 1518 747 1601 cognoscendi
775 1520 877 1582 aciem
895 1518 956 1597 iis,
978 1520 1012 1584 in
1026 1516 1142 1604 quibus
1155 1539 1219 1584 non
1235 1539 1292 1582 na-

125 1632 199 1685 tura
214 1613 314 1696 inest,
340 1619 487 1684 docendo
506 1619 663 1685 instillare
685 1631 808 1706 potest,
836 1621 892 1686 sed
912 1620 1025 1686 eadem
1048 1620 1201 1696 facultas,
1228 1641 1292 1706 qua

125 1722 256 1807 quisque
280 1722 391 1802 discit,
412 1723 576 1806 totiusque
602 1724 702 1788 animi
724 1720 822 1788 debet
843 1745 864 1786 a
891 1720 990 1788 rebus
1005 1705 1155 1790 humanis
1167 1723 1291 1790 adverti

124 1825 295 1910 cogitatio,
317 1825 421 1890 donoc
436 1824 732 1918 splendidissimam
749 1824 853 1918 locem
868 1826 961 1891 ideae
976 1828 1061 1892 ferre
1076 1828 1179 1914 possit
1199 1824 1289 1910 (Vll.

123 1948 156 2011 p.
177 1931 261 1992 518.
276 1924 313 1992 C.
346 1921 403 2010 ξὺν
438 1917 499 2020 ὅλῃ
531 1925 573 2022 τῇ
603 1925 699 2022 ψυχῇ
723 1929 758 1996 ἐκ
783 1928 842 1996 τοῦ
876 1929 1069 2014 γιγνομένου
1088 1930 1291 2018 -πιριοοιτέον

124 2027 225 2111 εἶναι,
256 2024 383 2108 iactis
408 2030 454 2110 eir
474 2030 514 2106 τὸ
536 2025 576 2098 ὃν
596 2035 653 2100 καὶ
679 2028 739 2098 τοῦ
763 2023 858 2106 ὄντος
886 2024 924 2096 τὸ
953 2026 1143 2120 φανότατον
1168 2025 1292 2112 δυνατὴ

124 2137 256 2217 γένηται
276 2129 491 2218 ἀνασχέσθαι
515 2135 681 2216 θεωμένη·
706 2133 806 2200 τοῦτο
832 2130 865 2198 δ’
884 2127 969 2200 sisci
986 2157 1097 2224 φαμεν
1110 2127 1292 2217 τάγαθόν).

124 2233 232 2316 Atque
246 2231 389 2318 reliquae
407 2236 540 2298 virtutes
560 2241 632 2300 eertt
655 2231 778 2300 habeut
797 2255 870 2300 cum
889 2238 1036 2318 corporis
1057 2234 1151 2326 benis
1171 2233 1291 2300 simili-

124 2335 287 2415 tudinem,
312 2348 349 2398 ut
374 2357 435 2402 usu
457 2348 489 2400 ct
510 2339 742 2405 exercitatione
757 2339 885 2420 possint
900 2337 1098 2422 comparari:
1125 2337 1290 2423 cogitandi

124 2433 209 2522 (τοῦ
229 2439 413 2528 φρονῆσαι)
436 2435 582 2504 tantulus
597 2451 647 2504 est
668 2439 808 2504 divinius
833 2439 1002 2525 quiddam,
1029 2441 1120 2506 cuius
1141 2441 1191 2509 vis
1207 2445 1291 2505 nu'n-

124 2561 219 2626 quam
241 2541 409 2622 rniuuitur,
434 2553 466 2606 et
487 2555 583 2626 prout
610 2545 819 2622 convertitur,
852 2541 943 2616 utilis
964 2540 1003 2611 fit
1026 2555 1081 2606 out
1104 2544 1205 2610 noxia
1230 2536 1289 2626 14).

125 2640 330 2728 ¹Quamquam
346 2642 588 2726 camelianum,
615 2648 667 2731 qui
689 2667 755 2710 uon
778 2646 969 2730 insipientes
983 2659 1058 2710 suut
1073 2668 1133 2712 uec
1145 2647 1289 2713 veritatis
1315 2693 1324 2702 -
1442 2672 1447 2680 ·

124 2747 248 2830 ignari,
274 2758 340 2811 tum
353 2747 517 2812 custodum
531 2749 777 2831 generosissimi
790 2748 907 2827 anistri,
932 2750 985 2832 qui
1008 2747 1126 2813 debent
1143 2747 1291 2820 bellicosi

124 2863 157 2914 et
176 2846 364 2934 philosophi
388 2869 462 2912 esse
482 2851 535 2932 (p.
554 2853 638 2916 525.
652 2847 723 2932 Β),
750 2850 793 2912 ad
815 2847 1041 2933 philosophiae
1057 2848 1300 2936 sublimitatem!

125 2950 344 3028 arithmetica,
369 2953 560 3040 geometria,
579 2953 818 3032 stereometriu,
841 2953 1057 3033 astronomia,
1082 2947 1291 3040 (προβλήμα-

125 3076 178 3122 σιν
199 3050 380 3143 χρώμενοι,
413 3052 490 3120 vll.
515 3077 546 3142 p.
568 3059 651 3120 530.
667 3051 753 3120 B-et
780 3044 805 3119 rii
832 3045 876 3137 cin*
895 3049 983 3139 λόγῳ
1003 3059 1064 3140 ,μὲν
1082 3062 1139 3124 καὶ
1157 3058 1290 3144 ammio

124 3155 250 3239 ληπτά,
283 3155 361 3251 ὄψει
391 3154 423 3224 δ’
443 3155 501 3242 ott,
525 3179 556 3244 p.
575 3161 659 3224 529.
679 3157 764 3244 1).),’
791 3158 1080 3252 ἰιιιιιιιιιιιοιιιοιιιιιιΙ
1094 3159 1290 3228 musicorum

125 3262 332 3338 tractatione,
364 3261 503 3344 denique
531 3259 699 3326 dialectice
732 3259 903 3344 disciplina
934 3275 1068 3344 possunt
1102 3263 1289 3346 praeparari

125 3357 178 3449 (p.
199 3363 282 3424 532.
302 3358 363 3440 (3.).
396 3359 620 3428 Etdialecticu
634 3361 782 3446 quidem,
808 3363 939 3446 quaein
956 3364 987 3426 vi
1004 3377 1036 3426 et
1047 3377 1165 3426 nature
1181 3375 1288 3430 rerum

125 3461 353 3548 investiganda
373 3465 530 3542 cernitur,
556 3475 592 3528 ut
611 3465 717 3548 possit
737 3465 887 3548 cuiusque
906 3463 955 3526 roi
974 3466 1132 3528 rationem
1154 3465 1289 3534 reddere

120 3566 134 3651 (
142 3587 172 3651 p.
190 3568 274 3630 533.
293 3562 365 3649 5.),
388 3576 509 3630 tentum
525 3563 630 3647 valet,
663 3579 699 3631 nt
714 3566 786 3634 siue
802 3585 843 3630 ea
857 3575 1035 3632 ceterarum
1057 3569 1172 3632 artium
1187 3570 1286 3634 ctiam

124 3669 326 3756 geometriae¹
346 3669 457 3754 periti,
469 3690 593 3749 ..verum
618 3669 694 3755 quid
716 3671 759 3734 sit
779 3679 812 3732 et
825 3689 881 3734 cur
893 3671 936 3735 sit
953 3692 1081 3747 veruto,
1106 3670 1288 3760 intelligere

5 3811 7 3844 :
123 3784 283 3856 nequeant
300 3773 347 3858 (p.
359 3775 442 3836 533.
459 3767 524 3858 (3.).
577 3771 669 3836 Haec
682 3781 748 3837 una
762 3773 915 3836 scientiae
929 3775 1058 3838 norrrine
1074 3773 1173 3859 digna
1187 3787 1236 3838 est
1257 3789 1289 3842 et

5 3851 7 3872 ἲ
125 3873 303 3938 certissimo
330 3875 411 3938 ratio
433 3876 565 3964 ingenia
593 3873 802 3958 explorandi3
837 3889 891 3954 ut,
926 3877 981 3959 qui
1007 3873 1146 3959 plurima
1179 3891 1286 3944 utente

124 3973 293 4059 complecti
314 3979 434 4059 possit,
457 3979 487 4048 is
507 3978 550 4043 sit
567 3975 737 4044 habendus
751 3974 940 4044 dialecticus
956 3979 1058 4064 (537.
1076 3978 1137 4066 0.).
1187 3979 1288 4066 Quin·

124 4121 368 4160 ML*

188 4236 356 4302 rottoytosta
371 4240 451 4304 ιῖναι,
476 4237 510 4300 ὥς
527 4238 579 4314 εἶρα
597 4241 660 4295 πᾶσι
677 4240 781 4296 πάντων
798 4233 863 4307 αὕτη
883 4235 975 4311 tipicis
991 4259 1021 4296 ss
1041 4242 1084 4294 sol
1102 4243 1185 4297 ιιιιλῶν
1204 4245 1289 4314 αἰτία,

189 4325 220 4371 et
239 4335 265 4390 q.
287 4335 311 4372 s.

140 4391 543 4488 ,15515551255132
568 4413 769 4482 quom-locum
784 4410 914 4469 continet
930 4414 1100 4484 trotatpr.
1163 4453 1166 4462 .
1236 4447 1238 4455 ·
