3040 5014
545 189 644 234 .--·
682 169 766 252 att
828 209 887 234 --
952 269 954 277 ,

406 301 421 332 0

145 384 242 442 antas
257 393 309 440 res
321 384 537 454 contemnant,
549 393 739 460 generosos,
750 375 862 456 fortes,
877 378 979 440 iustos
990 388 1023 441 et
1034 395 1163 463 aequos,
1177 376 1313 458 dociles,

146 501 215 571 non
230 479 355 564 asperis
371 475 529 553 uteribus,
550 477 606 541 sed
625 497 743 543 suaves
761 493 794 543 et
808 480 976 556 iucundos,
1001 501 1102 563 usque
1120 481 1158 544 ud
1171 503 1208 566 p.
1227 487 1313 548 487.

145 577 209 663 A„
233 579 287 646 ubi
305 581 454 645 Socrates
471 578 551 644 haec
569 582 679 644 urania
699 579 832 668 colligit.
884 581 935 647 Ab
959 577 1020 646 hac
1039 583 1107 646 veri
1129 583 1312 669 philosophi

146 687 308 771 imagine,
335 683 521 769 quaomnia
540 679 759 761 contineatur,
782 705 862 770 quae
880 689 909 748 ei
927 699 1001 748 strnt
1024 688 1230 770 neccssaria2
1257 689 1312 770 qui

147 786 227 854 uelit
262 807 368 850 rerum
410 799 592 850 accuratam
624 799 656 851 ct
689 807 799 852 sertem
828 791 995 852 scientiam
1028 785 1107 860 sibi
1123 808 1312 872 comparare

147 894 163 970 t
171 913 202 976 p.
221 887 395 975 18110),
424 887 522 952 alieni
546 899 618 952 sunt
637 887 801 975 plerique,¹
827 893 880 976 qai
900 884 1104 975 appellantur
1116 889 1314 977 philosophi,

147 994 228 1058 latui
247 991 297 1056 illi
320 1004 353 1055 ct
381 992 421 1056 ad
448 990 679 1076 rempublicam
704 991 946 1079 gubernandam
973 992 1113 1058 inutiles.
1167 991 1313 1068 Qtrorutn

149 1097 227 1161 uitia
250 1096 460 1180 vitiorumque
484 1114 620 1159 caussae
641 1117 712 1160 cum
735 1095 903 1181 periculis,
938 1093 1055 1182 quibus
1076 1093 1161 1159 bona
1181 1099 1315 1183 ingenia

148 1201 300 1284 exposita
315 1211 408 1276 sunt,
431 1210 673 1274 enumerantur,
696 1211 730 1262 ut
750 1203 864 1262 nrirum
881 1217 945 1261 non
969 1200 1028 1277 sit,
1055 1219 1174 1283 paucos
1190 1211 1315 1264 tantuna

150 1324 171 1366 a
193 1301 353 1366 communi
375 1302 533 1384 pravitate
554 1297 677 1364 liberos
698 1300 739 1364 ad
757 1299 982 1385 philosophiae
1009 1303 1150 1364 stadium
1183 1304 1315 1367 adducit

150 1404 213 1468 hos
227 1427 305 1468 vero
321 1399 419 1466 tnalle
437 1403 503 1464 otio
518 1402 598 1480 furi,
624 1421 718 1487 quum
734 1401 934 1486 reipublicae
952 1423 1114 1486 praeesse.

251 1503 302 1568 Ne
317 1505 415 1590 igitur
428 1501 650 1588 philosophiae
665 1505 808 1598 studium
825 1505 1051 1591 exstinguatur
1062 1503 1136 1589 (Vl.
1156 1509 1242 1569 49⁷.
1256 1503 1313 1592 D.)

150 1621 183 1674 et
206 1620 244 1670 nt
265 1609 329 1671 sint
349 1609 552 1670 *exactissimi
577 1608 726 1671 custodes
749 1606 934 1693 philosophi
955 1606 1035 1692 (Vl.
1055 1613 1137 1674 503.
1153 1605 1224 1692 B.)‚
1250 1629 1315 1672 nou

150 1714 230 1776 satis
256 1724 304 1774 est
323 1731 366 1773 ea
389 1711 514 1774 ratione
529 1712 575 1772 uti
592 1711 820 1790 institutionis,
848 1731 942 1795 qurum
961 1708 1046 1774 libro
1060 1709 1118 1774 111.
1135 1710 1316 1794 descripsit,
1327 1693 1334 1711 ”

150 1827 200 1894 ut,
227 1817 255 1877 si
270 1815 392 1877 triusion
406 1826 440 1878 ot
454 1816 656 1898 gymnastico
673 1815 740 1877 sint
755 1816 942 1892 exercitati,
972 1833 1083 1878 eorum
1106 1813 1207 1877 virtus
1226 1811 1318 1878 labo·

151 1917 211 1995 ris,
237 1915 362 1980 timoris
382 1931 414 1981 et
439 1914 615 2000 voluptatis
642 1915 792 2000 periculis
818 1915 1023 2000 exploratum
1059 1935 1165 2000 nequo
1187 1913 1317 1997 sufficit,
1404 1928 1407 1934 '

152 2017 227 2104 quid
237 2021 363 2083 iustum
379 2030 411 2082 et
423 2017 570 2102 pulcrum
587 2039 645 2103 per
659 2039 696 2084 se
716 2021 775 2095 sit,
801 2015 921 2104 ultique
938 2036 1152 2104 cognoscere:
1177 2018 1233 2082 sed
1253 2037 1321 2081 arn·

152 2120 255 2206 plicae
277 2115 394 2206 viufl)
417 2120 684 2205 progrediendum
708 2131 759 2184 est
780 2122 813 2184 in
831 2119 1059 2204 philosophiae
1076 2119 1184 2184 studio
1208 2119 1321 2203 (cuius

153 2226 293 2290 alterum
314 2222 452 2286 stadium
475 2241 559 2286 nunc
580 2223 691 2306 paucis
707 2218 952 2286 describendum
968 2225 1059 2309 est),
1080 2232 1116 2284 ut
1132 2221 1218 2286 adid
1237 2225 1322 2306 opti·

153 2347 226 2397 ntus
249 2326 389 2389 civitatis
412 2345 450 2389 ac
470 2322 579 2411 legum
604 2338 713 2390 custos
737 2327 922 2410 perveniat,
947 2325 1032 2410 quod
1052 2341 1210 2388 sommum
1227 2339 1323 2391 estet
1392 2330 1402 2349 ⁸

153 2430 226 2514 ipsa
246 2429 371 2492 iustitia
387 2431 523 2508 maiuss
538 2427 579 2491 ad
600 2427 688 2493 Βονα·
707 2428 848 2512 speciem
871 2427 1069 2492 intuendam.
1120 2423 1205 2491 Nam
1220 2426 1244 2528 ρ’]
1261 2427 1330 2496 roci

107 2568 109 2580 =
153 2524 293 2618 ἀγαθοῦ
316 2525 388 2598 ἰδέα
412 2537 563 2618 μέγιστον
586 2529 751 2618 μάθημα,
773 2521 794 2624 ᾖ
820 2533 874 2598 καὶ
898 2532 1010 2597 δίκαια
1026 2532 1082 2598 καὶ
1098 2515 1202 2597 τᾶλλα
1217 2552 1322 2620 προο-

153 2627 342 2725 χρησάμενα
362 2630 507 2738 χρησιμα
531 2635 586 2699 καὶ
612 2631 762 2723 ὠφέλιμα
786 2637 930 2719 γίγνεται
958 2631 1033 2716 (Vl.
1049 2655 1080 2716 p.
1101 2637 1184 2696 505.
1199 2632 1264 2722 Α.).
1307 2657 1310 2666 ’

199 2753 203 2770 ¹
235 2779 238 2786 ⁴
258 2751 332 2818 Hoc
349 2754 446 2839 igitur
462 2751 607 2816 Platonis
622 2753 740 2816 iudicio
754 2749 834 2814 illud
855 2765 922 2832 est,
951 2753 1022 2815 sine
1042 2773 1103 2836 quo
1125 2773 1226 2838 noque
1247 2751 1323 2818 reli.

36 2917 53 2934 N
156 2877 292 2944 quarum
314 2875 422 2921 rorum
440 2855 583 2943 cognitio
607 2854 777 2940 quidquam
798 2855 905 2933 iuvat,
931 2874 1035 2942 oeque
1059 2867 1165 2918 eustos
1187 2854 1324 2922 idoneus

192 3122 237 3186 ll)
253 3101 323 3168 Cum
340 3113 494 3186 aspicell<
512 3111 640 3170 lvs435.
661 3115 690 3168 C.
710 3119 740 3168 et
756 3114 792 3168 D.
809 3114 959 3168 dicendum
977 3119 1068 3178 esset,
1088 3115 1257 3184 popularem
1273 3115 1324 3188 So·

225 3213 318 3258 crates
336 3201 439 3254 maluit
456 3201 530 3250 viam
550 3200 561 3266 (
567 3201 617 3252 τῶν
634 3220 662 3269 γε
680 3205 870 3273 προειρημένων
886 3222 915 3254 τε
937 3201 981 3252 ναὶ
1007 3205 1216 3272 προεσκεμμένων
1237 3189 1323 3272 ἀξίαι)

155 3315 159 3320 -
223 3291 323 3359 sequi,
345 3301 427 3356 quatu
448 3299 527 3346 eum,
550 3299 622 3353 quae
642 3292 719 3338 esset
738 3291 887 3357 μακροτέρα
907 3288 950 3337 καὶ
965 3287 1058 3340 πλείων
1076 3281 1137 3343 ὁδὸς
1153 3281 1169 3352 ἦ
1187 3288 1229 3338 tet
1245 3290 1328 3342 τοῦτο’

139 3383 145 3393 “
224 3377 340 3444 ὄρουσα,
366 3369 439 3442 puae
454 3369 536 3420 'aune
560 3367 822 3437 estsingredienda.
858 3371 936 3422 idem
956 3369 1072 3426 cumde
1091 3370 1203 3422 delectu
1223 3375 1327 3440 princi·

225 3477 293 3531 pum
316 3458 386 3530 (vid.
406 3461 464 3509 not.
484 3456 525 3519 8.)
546 3456 633 3506 tertio
652 3456 717 3507 loco
735 3455 929 3523 perfunctorie
949 3455 1087 3518 dixisset,
1104 3461 1134 3508 et
1156 3453 1204 3506 Vl.
1222 3459 1325 3523 pist.
1369 3445 1375 3454 ³

202 3567 204 3580 ·
225 3544 444 3599 meduntense
462 3540 627 3609 philosophi
644 3542 768 3610 imagine
791 3541 823 3594 τὸ
840 3541 906 3608 ἑξῆς,
932 3555 1005 3610 quae
1026 3542 1126 3592 atatim
1144 3541 1210 3596 inde
1228 3559 1326 3598 conse·

225 3635 396 3702 querentur,
423 3627 581 3681 addidisset
604 3628 647 3680 sic
673 3633 769 3680 tamen
794 3633 826 3679 ut
849 3625 918 3693 (Vl.
934 3628 995 3679 tot.
1014 3625 1066 3692 B.)
1088 3625 1191 3697 ἰρρηθη
1208 3625 1242 3682 ad
1266 3630 1327 3686 τότε

226 3720 271 3783 τῆς
287 3721 336 3785 μὲν
352 3715 499 3786 ἀκριβείας,
518 3712 551 3771 ὥς
566 3715 625 3783 ἐμοὶ
639 3717 772 3782 ἐφαίνετο,
794 3713 896 3778 έλλιπῇς
917 3727 990 3762 nunc
1006 3726 1033 3778 p.
1049 3711 1161 3790 51111).
1177 3717 1329 3769 constituit

227 3805 387 3872 longiorem
409 3801 483 3850 vium
508 3798 626 3862 docere,
659 3814 744 3867 quam
768 3799 895 3850 civitatis
914 3795 1060 3848 custodem
1078 3799 1160 3864 sequi
1185 3806 1327 3878 oporteat,

232 3885 285 3953 Τὴν
299 3889 465 3956 μακροτέραν
479 3887 566 3936 τοίνυν
585 3889 619 3922 -'
628 3885 765 3953 περιιτέον
781 3880 820 3951 τρῖ
836 3881 945 3950 τοιούτῳ
971 3881 1054 3946 (soil.
1074 3881 1169 3946 φύλακι
1185 3885 1329 3945 citatiore

228 3972 273 4022 ναὶ
288 3971 391 4040 νόμον)
408 3973 451 4023 ναὶ
469 3967 518 4034 οὐχ
536 3965 616 4036 ἦττον
631 3967 798 4038 μανθάνοντι
815 3970 939 4034 πονητέον
956 3965 1185 4037 ῆγυμναζομένρν·
1204 3971 1238 4038 η’,
1255 3969 1328 4025 dede

229 4055 263 4120 δὴ
278 4059 414 4124 έλέμομιν,
435 4057 485 4108 τοῦ
497 4057 631 4124 turpiores
651 4071 679 4106 τε
702 4054 746 4106 καὶ
767 4053 884 4123 μάλιστα
907 4051 1083 4124 προσήκοντος
1105 4053 1266 4122 μαθήματος
1286 4058 1331 4111 tut

230 4143 304 4198 τέλος
320 4139 416 4194 οὔποτε
432 4138 491 4206 ἥξει.
527 4138 568 4203 ¹(hi
586 4139 635 4210 μὰρ
652 4141 751 4202 ταῦτα,
770 4143 818 4208 έφη
835 4138 1053 4214 (Adimantus),
1076 4142 1199 4207 μέγιστα,
1216 4134 1280 4192 ttt'
1291 4145 1330 4195 lue

230 4247 259 4280 τι
284 4225 400 4293 μεῖζον
419 4224 647 4292 δικαιοσύνης
669 4243 699 4278 τε
721 4225 765 4278 καὶ
787 4219 822 4276 dr
847 4223 1008 4294 διήλθομννς
1040 4225 1097 4275 Καὶ
1117 4224 1219 4292 μεῖζον,
1245 4221 1278 4294 ἦν
1298 4221 1327 4280 δ’

230 4307 294 4380 ipsi·
324 4310 369 4362 acl
386 4304 471 4362 circeia
488 4310 587 4364 τούτων
604 4307 652 4376 οὐχ
673 4298 831 4380 ὑπογραφὴν
846 4309 886 4364 dui
905 4306 987 4381 ὥςπερ
1007 4308 1053 4364 νῦν
1069 4308 1326 4376 &macedonium
1427 4305 1430 4312 ¹

232 4393 279 4462 sip
296 4394 461 4463 ιιλιιοτιίτην
474 4393 637 4467 ἀπεργασίαν
651 4393 692 4467 μὴ·
705 4400 833 4468 παριέναι.
879 4437 901 4454 .,
1192 4396 1197 4410 ¹
