3056 4986
561 201 1082 294 '.--122.t-‘

244 405 386 478 αἰτίασίν
410 427 513 499 φησιν
544 399 618 490 ἤτοι
644 410 772 493 αἰτίαν,
813 414 939 498 ἐτιιίτιτρ
972 402 1157 540 utroipsuor
1190 410 1301 498 λαβεῖν
1325 401 1404 491 τιῆ

200 525 203 536 ’
243 507 427 597 αἰτιώμενοι
458 505 578 589 ταύτην
599 507 871 602 αραφιρόμιθα,
897 511 941 590 ὡς
971 505 1015 578 ἂν
1046 511 1148 590 εἴποις
1180 507 1336 598 αἰτοῦμαί
1367 519 1403 580 σι’

243 610 358 736 dodpct'
381 638 440 701 μοι
462 615 613 728 βιβλίον
639 615 677 679 τὸ
693 607 765 732 peip
786 636 823 682 os
844 617 899 680 καὶ
926 605 962 680 τὸ
987 613 1116 698 βιβλίον
1142 609 1321 695 αἰτιατικῆς
1340 607 1403 682 εἰσί

243 709 401 793 ardetur
446 718 503 783 καὶ
534 705 633 782 πάλιν
663 710 817 801 αἰτιῶμαι
846 709 1067 803 Ἀρίσταρχον
1125 713 1251 791 Quibus
1282 717 1402 795 missis,
1481 737 1485 755 ι

240 813 360 887 αἰτίαν
373 820 407 882 iu
433 815 581 900 Dionysii
598 813 737 882 Thracis
756 839 849 884 casus
872 819 1045 894 accusativi
1064 815 1249 883 definitione
1266 839 1329 882 nou
1351 837 1404 880 ac·

243 920 463 997 cusationem,
491 919 548 982 sed
569 939 697 982 cntrsarn
715 919 842 1000 valere,
862 923 967 1004 ipsum
982 918 1201 1014 priscianum,
1228 919 1402 984 dummodo
1513 1003 1514 1008 ἵ

174 1090 178 1098 ,
242 1025 278 1093 in
294 1021 472 1086 falsisveri
484 1019 626 1104 vestigia
644 1024 942 1106 sequarisstesreru
963 1021 1141 1086 laudamus.
1181 1021 1295 1094 ¹Libro
1317 1021 1401 1085 enim

242 1123 284 1190 V·
305 1143 336 1207 p.
352 1127 442 1188 670.Ι
460 1123 511 1186 ed.
528 1117 657 1186 Putsrh.
678 1123 756 1186 nihii
780 1124 867 1190 aliud
892 1125 978 1211 agit,
1007 1126 1069 1188 nisi
1084 1137 1137 1204 ut,
1163 1126 1237 1209 ipso
1251 1123 1403 1206 Dionysii

243 1223 380 1295 Thracis
395 1223 468 1288 loco
483 1225 638 1305 ducente,
662 1245 756 1290 cesus
774 1213 928 1311 exponat.
979 1223 1077 1300 Quod
1100 1227 1186 1311 apud
1209 1226 1401 1310 Dionysium

243 1325 405 1392 Thracem
429 1326 614 1412 explicandi
635 1349 734 1392 causa
754 1331 913 1395 adiectum
935 1341 1002 1408 est,
1034 1329 1068 1391 id
1097 1329 1181 1414 apud
1202 1328 1400 1392 Priscianum
1445 1329 1450 1334 '

191 1501 210 1518 ..
241 1431 318 1496 novi
331 1431 469 1496 numicis
485 1432 587 1494 vicem
603 1431 757 1500 sustinet·
798 1431 848 1496 Ita
868 1433 997 1518 quidem
1014 1431 1100 1516 apud
1114 1431 1307 1514 Dionysium
1329 1423 1402 1509 ἡδὲ

233 1524 347 1620 ,γενικὴ
371 1525 507 1614 arturius}
535 1534 590 1599 καὶ
616 1529 772 1620 πατρική,
805 1535 889 1598 uude
912 1536 996 1618 apud
1020 1533 1217 1599 tntsctanum
1240 1535 1402 1618 genitivus

203 1645 207 1649 ’
233 1637 338 1700 ‘ctiam
354 1634 557 1720 possessivus
573 1647 604 1699 et
618 1645 768 1716 paternus
784 1636 887 1702 dictus
902 1658 975 1703 esse
991 1635 1193 1719 perhibetur,
1220 1635 1304 1721 apud
1320 1633 1401 1698 Dio-
1493 1712 1499 1722 .

241 1738 370 1820 nysium
386 1726 463 1816 ἡδὲ
474 1729 586 1815 δοτικὴ
607 1733 830 1818 ἐπισταλτική,
855 1737 942 1800 unde·
955 1738 1111 1802 Prisciani
1130 1738 1402 1802 commendativus

241 1837 347 1904 fluxit·
396 1832 483 1910 Quid
497 1837 594 1921 igitur
608 1839 793 1902 accusativo
810 1841 928 1903 fuctum
944 1838 1013 1903 esti
1036 1836 1056 1920 ἡ
1084 1841 1119 1904 δὲ
1137 1831 1298 1917 αἰτιατική
1321 1835 1414 1902 κατ’.

241 1934 368 2006 αἰτίαν,
411 1936 595 2022 Priscianus
616 1937 695 2002 haec
715 1941 764 2002 ita
783 1941 816 2004 in
835 1953 931 2010 -suam
953 1963 1021 2004 rem
1045 1942 1217 2006 convertit:
1251 1935 1399 2018 „Quarto

240 2039 313 2110 loco
329 2053 380 2105 est
395 2041 595 2106 accusativus
605 2041 673 2104 sive
688 2046 887 2122 causativus,
903 2063 1018 2108 accusso
1032 2041 1193 2106 hominem
1210 2043 1286 2105 etin
1302 2061 1402 2106 causa

241 2143 403 2210 huruiuem
425 2143 545 2207 facio.“
604 2141 768 2210 Causutivi
796 2147 918 2209 nomini
944 2165 1052 2208 verum
1079 2147 1179 2218 inest3
1205 2142 1400 2234 *exemplum

183 2307 186 2326 ,
241 2257 349 2312 autem
362 2247 506 2329 ineptum
524 2259 556 2309 et
574 2267 677 2330 prope
698 2268 795 2312 seusu
815 2269 952 2312 cassum.
1007 2245 1217 2326 causativus,
1242 2247 1326 2332 quod
1344 2266 1400 2314 nor

177 2335 180 2340 ¹
241 2370 316 2418 mea
337 2366 488 2434 tanquam
514 2348 692 2433 legitimum
718 2353 848 2432 ponitur
875 2349 961 2434 apud
992 2347 1171 2412 Charisiunt
1200 2351 1234 2412 in
1266 2350 1399 2420 institut·

242 2469 379 2537 gramm.
400 2439 503 2540 tib-1.
524 2469 554 2531 p.
576 2455 609 2512 6.
633 2449 762 2514 Putsoh
788 2453 1010 2531 ,‚ceusativus‚
1037 2454 1092 2537 qui
1115 2453 1398 2530 eteccusativus,“

45 2531 48 2543 ’
130 2573 133 2576 ·
241 2549 668 2628 nuacaurarudesuendir,
693 2546 904 2635 ιιταίτιατικὴ
923 2551 964 2616 ab
983 2553 1130 2675 αἰτιατῳ.
1171 2551 1283 2616 Habes
1302 2555 1399 2638 igitur

241 2653 431 2738 vestigium,
440 2638 583 2716 fuisse
574 2664 656 2717 mter
672 2667 812 2734 veteres,
836 2657 888 2740 qui
903 2649 1086 2737 αιτιατικὴιι
1102 2653 1142 2718 ab
1159 2652 1338 2718 accusando
1357 2654 1398 2718 ad

111 2777 114 2780 ·
207 2757 532 2824 verioremcausae
552 2756 844 2840 interpretationem
867 2758 1079 2821 traducerent.
1121 2730 1228 2831 Quiane
1249 2755 1400 2826 confiten-

241 2859 316 2922 dum
333 2869 399 2933 est,
421 2858 532 2942 quiex
547 2860 687 2942 antiq-uis
702 2857 884 2924 homiuibus
898 2853 1083 2942 αἰτιατικὴν
1098 2861 1313 2924 accusativum
1326 2859 1398 2922 red-

242 2961 400 3037 diderint,
432 2980 490 3022 eos
518 2957 671 3045 ambigua
693 2965 780 3025 vocis
813 2965 921 3046 specie
949 2983 1019 3024 esse
1045 2962 1199 3048 ¹deceptos
1229 2969 1399 3046 conumque

183 3088 202 3151 fl
241 3063 397 3146 primum,
424 3073 463 3123 rut
484 3058 538 3139 fit,
566 3083 705 3125 errorem
733 3086 789 3147 per
811 3062 920 3126 secula
943 3083 1103 3127 manasse.
1154 3056 1345 3143 Αἰτιατιιιίιν
1370 3065 1399 3126 si

243 3161 295 3226 vel
310 3163 524 3236 causativum,
545 3183 609 3246 qua
624 3166 750 3248 quidem
768 3164 911 3228 diximus
926 3164 1182 3248 significatione,
1210 3164 1261 3228 vel
1277 3165 1398 3230 effecti-

242 3285 316 3329 vum
331 3263 521 3348 reddideris:
549 3265 614 3326 iam
636 3287 752 3330 nomen
774 3279 806 3330 et
820 3287 871 3330 res
884 3267 1002 3330 foedus
1014 3269 1098 3331 inter
1113 3287 1149 3330 se
1167 3264 1303 3330 inibunt.

338 3365 446 3430 Leves
462 3364 520 3428 has
536 3369 577 3430 ad
593 3371 833 3453 grammaticam
850 3367 1012 3452 syrubolas
1027 3368 1093 3433 noli
1110 3391 1279 3455 spernere,
1295 3369 1398 3434 lector

245 3466 411 3533 benevole.
449 3465 623 3532 Nominum
639 3477 729 3537 enim·
741 3475 830 3556 quai
846 3474 953 3534 anima
966 3474 1001 3534 in
1016 3475 1145 3535 notione
1161 3475 1312 3542 seruitum
1334 3492 1399 3554 qun
1464 3501 1469 3506 ·
1513 3507 1514 3510 ¹

241 3564 398 3650 expulsa,
427 3571 545 3630 inanes
566 3589 639 3635 sunt
659 3571 809 3646 urnbrae3
842 3571 968 3637 reddita
991 3593 1087 3651 vero,
1120 3573 1212 3657 quasi
1236 3570 1398 3635 advitam

241 3671 376 3732 redeunt
394 3689 496 3730 suam.
548 3666 641 3742 Quod
665 3677 693 3738 si
717 3671 770 3736 vel¹
789 3673 1021 3747 minutissimae
1041 3674 1074 3734 in
1094 3671 1204 3758 lingua
1220 3671 1398 3759 particulae

243 3773 432 3858 contigerit,
460 3773 519 3836 erit
532 3793 610 3838 sana
624 3778 709 3862 quod
725 3787 757 3840 et
772 3775 968 3862 accipiamus
985 3788 1018 3841 et
1032 3788 1208 3840 teneamus.

652 4039 1001 4068 η--ι-ω--Ά-
