3040 5014
118 715 370 846 Graecianum
388 747 515 813 demum
528 749 560 812 in
581 728 750 833 pristinam
769 747 957 836 dignitatem
979 755 1169 824 restituta
1140 775 1275 842 esusque

118 835 313 943 antiquitatis
330 849 491 936 reliquiis,
512 873 595 937 queo
610 851 779 916 multorum
795 852 995 920 sireoulorum
1011 860 1125 922 rudere
1142 879 1275 942 oooper·
1298 863 1303 874 “
1350 909 1355 916 .

117 969 149 1018 ta
164 957 346 1033 iacuerunt,
372 950 516 1019 recludi
507 975 573 1016 ram
588 968 620 1018 et
638 957 755 1038 aperiri
775 942 916 1038 coeptis,
942 960 1001 1022 nix
1024 973 1074 1022 est
1094 956 1177 1022 alius
1196 961 1274 1024 sori·

115 1072 206 1143 ptor,
234 1059 287 1142 qni
311 1057 417 1141 magis
438 1054 549 1122 oeulos
572 1057 799 1120 eruditorum
790 1079 823 1120 ιιι
845 1081 881 1122 so
907 1071 1070 1125 convertat
1091 1053 1294 1148 maiorequo'

11 1157 16 1176 '
115 1160 232 1245 dignus
248 1161 290 1223 sit
305 1159 410 1222 studio
427 1171 519 1244 atque
535 1161 808 1244 pervestigatione
823 1181 915 1244 quam
932 1160 1129 1242 Pausanias,
1155 1165 1274 1249 quippe

91 1315 94 1322 ,
115 1259 311 1328 oertissimus
325 1263 451 1326 futurus
467 1262 536 1326 dux
556 1261 615 1346 per
634 1261 791 1326 Graeciae
806 1262 951 1327 diuersas
966 1266 1125 1350 regiones.
1164 1265 1274 1351 itaquo

114 1363 200 1428 haud
220 1366 298 1428 seio*
311 1385 352 1427 an
373 1385 491 1448 operae
512 1365 649 1448 pretium
673 1366 815 1428 faeturns
842 1366 922 1444 sim,
949 1369 978 1429 si
999 1367 1295 1432 aestuationem·

114 1468 224 1552 ptione
244 1465 461 1543 Athenarum,
488 1485 568 1550 qnae
590 1478 626 1528 ut
646 1462 724 1528 oiim
749 1479 840 1528 erant
858 1468 904 1529 ita
922 1469 1050 1532 futrrrae
1067 1469 1183 1531 iterum
1199 1483 1275 1533 sunt
1317 1456 1322 1461 ’
1399 1476 1404 1482 ’
1508 1453 1509 1458 ¹

114 1567 251 1654 ἔρεισμα
278 1565 339 1648 τῆς
365 1557 536 1643 Ἑλλάδος,
569 1564 662 1630 locos
691 1567 845 1654 quosdam
879 1568 920 1646 ad
945 1567 1168 1632 illustrandum
1193 1569 1276 1634 mihi
1359 1649 1361 1652 Ι
1389 1653 1392 1659 ⁷
1508 1561 1509 1612 1

66 1741 72 1752 ‚
114 1663 326 1754 sumpserim,
353 1669 405 1753 qui
428 1671 544 1754 partim
563 1669 787 1732 emendatione
803 1671 921 1755 partim
935 1668 1155 1754 explicatione
1170 1671 1276 1737 adhue

115 1771 262 1836 ridentur
293 1765 456 1856 indigere,
496 1772 684 1854 praesertim
711 1764 782 1836 oum
815 1792 918 1857 neque
950 1770 1095 1836 Bekkeri
1128 1775 1275 1837 eoumine

116 1875 225 1937 omnia
247 1864 417 1957 perennata
437 1893 541 1958 neque
562 1870 917 1960 Siehelisii'diiigentia
938 1876 1047 1960 ornnia
1064 1874 1228 1961 eirplioata
1241 1887 1275 1940 et
1395 1921 1397 1926 .
1426 1868 1432 1873 ’
1508 1853 1509 1882 ί

115 1977 157 2039 ad
173 1975 330 2060 liquidnm
348 1975 500 2059 perducta
514 1977 588 2039 sint.

213 2073 291 2140 Lib.
304 2075 329 2140 1.
343 2099 413 2162 cap.
429 2075 455 2140 Ι.
472 2079 502 2154 ξ.
521 2081 555 2140 3.
581 2079 649 2143 λιιι
671 2078 707 2143 δὲ
728 2077 785 2160 τῆς
810 2076 912 2155 στοᾶς
939 2075 999 2159 τῆς
1021 2077 1165 2164 μακρᾶς,
1186 2080 1276 2146 ἔνθα

114 2183 316 2259 καθέστηκεν
341 2173 448 2266 ἀγορὰ
472 2188 542 2254 τοῖς
558 2181 610 2244 ἐπὶ
635 2169 812 2259 θαλάσσης
837 2179 913 2261 (καὶ
938 2175 1003 2268 γὰρ
1024 2184 1092 2256 τοῖς
1119 2177 1275 2271 ἀπωτέρω

113 2279 175 2349 τοῦ
202 2281 331 2368 λιμένος
356 2281 443 2347 ἐστιν
468 2277 597 2366 ἑτέρα),
623 2279 683 2362 τῆς
698 2281 733 2345 δὲ
754 2280 812 2346 ἐπὶ·
823 2272 998 2362 θαλάσσης
1015 2277 1117 2366 στοᾶς
1132 2279 1279 2348 ὄπισθεν

114 2380 225 2452 {ordor
257 2377 338 2460 Ζούς
372 2384 428 2450 καλ
459 2382 613 2468 Δῆμος,
654 2374 852 2468 Λεωχάρους
876 2379 979 2471 ἔργου.
1029 2379 1112 2446 lbid.
1128 2405 1198 2468 oap.
1215 2381 1274 2448 ΙΙΙ.
1374 2377 1377 2388 ¹

115 2490 194 2566 Μ.
217 2487 317 2552 totos
339 2485 386 2568 τῷ
411 2487 510 2571 τοίχῳ
536 2483 585 2566 τῆ
609 2473 714 2572 ίιέραυ
740 2479 903 2566 Θησεύς
928 2485 1016 2551 ἐστι
1041 2482 1280 2608 γογηιαμμίέ

114 2611 187 2666 noc
212 2591 282 2655 καὶ
309 2583 584 2676 Δημοκρατία
603 2609 644 2651 τε
669 2587 740 2652 και
767 2586 924 2670 Δῆμος·
949 2587 1044 2668 δηλοι
1059 2584 1137 2654 dd
1120 2613 1140 2668 η
1159 2589 1271 2678 γραφη

117 2690 229 2772 Θησέα
264 2685 350 2756 εἶναι
385 2690 455 2754 τὸν
478 2683 733 2770 καταστήσαντα
771 2686 966 2770 Ἀθηναίοις
1005 2687 1039 2766 ἐξ
1074 2687 1146 2754 ι’σου
1179 2691 1274 2757 πολι·

105 2791 279 2862 πίεσθαι.
312 2789 438 2867 leant
458 2797 492 2852 4.
522 2788 688 2855 Βουλαίου
714 2791 786 2856 did
772 2787 924 2872 ἑυαίτῷ
951 2790 1017 2876 (τῳ
1003 2789 1274 2878 βουλευτηρίῳ)

11 2951 14 2958 .
114 2905 217 2962 κεῖται
239 2885 359 2975 ξόαυου
382 2887 475 2973 Διός,
495 2893 551 2956 καὶ
565 2883 790 2958 Ἀπόλλωνι
757 2913 774 2956 τ
776 2896 853 3026 έχυη
874 2888 1031 2969 Πεισίου,
1058 2893 1114 2956 καὶ
1134 2889 1275 2977 Δῆμος

112 2995 209 3087 ἔργου
235 2990 404 3070 Λυσοιυος.

216 3095 302 3172 Quid
325 3095 409 3159 his'
400 3115 433 3158 ιιι
454 3091 537 3158 loeis
558 3091 700 3181 Δῆμος
725 3091 887 3182 signifieat
918 3115 982 3158 non
1013 3096 1175 3164 convenit
1189 3096 1275 3158 inter

113 3201 199 3265 viros
216 3199 339 3264 doctos.
392 3197 441 3261 Ao
461 3199 597 3280 primum
622 3196 748 3282 quidem
773 3195 880 3262 locum
903 3195 1068 3260 Meursius
1083 3199 1116 3260 in
1130 3195 1215 3260 libro
1231 3196 1273 3260 de

112 3301 241 3388 populis
272 3301 397 3366 Atticae
426 3297 468 3360 ed
493 3285 632 3361 Domum
661 3297 911 3373 Atheniensem,
944 3297 1270 3382 Pyriiampisfiiium,

114 3406 252 3467 amioum
273 3397 418 3464 Periclis·
431 3397 490 3482 (de
510 3418 572 3482 quo
591 3401 641 3482 qni
657 3403 854 3482 seripserunt
867 3397 1017 3460 laudatos
1034 3399 1097 3461 vid.
1113 3419 1165 3480 ap.
1181 3396 1219 3461 C.
1234 3399 1271 3462 F.

112 3505 291 3572 Hermann.
316 3505 350 3567 in
373 3521 539 3586 progymn.
562 3499 601 3562 ad
622 3498 786 3583 Aristoph.
808 3499 886 3584 qu.
909 3498 1019 3562 sehed.
1041 3497 1066 3561 1.
1086 3521 1118 3583 p.
1142 3498 1270 3583 4,1.,)

112 3610 224 3681 reiert3
246 3627 340 3692 quam
347 3604 548 3668 sententiam
564 3597 788 3667 Chandlerns
780 3623 812 3664 ιιι
827 3599 989 3664 Travels
980 3621 1017 3664 m
1032 3599 1153 3664 Greeoe
1168 3621 1198 3685 p.
1210 3607 1269 3665 64.

109 3713 159 3774 ita
176 3707 427 3794 complanasset,
454 3711 511 3768 ιιι
512 3706 566 3790 qni
586 3725 606 3768 a
620 3704 782 3768 Pausania
795 3688 934 3788 Populi
924 3704 1081 3788 imagines
1097 3705 1269 3780 memorari

112 3812 335 3876 existimarent
347 3829 455 3873 errare
470 3827 582 3870 omnes
599 3807 717 3870 diceret
732 3804 868 3890 illosque
889 3823 1004 3868 omnes
1024 3801 1117 3868 iocos
1140 3804 1181 3866 ad
1204 3803 1269 3870 De·
1254 3837 1280 3862 ·.

11 3907 13 3914 ¹
113 3935 201 3978 mum
217 3913 311 3976 istum
326 3909 518 3994 Pyrrlamprs
532 3906 635 3971 filium
651 3909 855 4000 contenderet
871 3927 944 3970 esse
957 3904 1154 3969 referendos.
1202 3905 1269 3970 Sed
1357 3924 1362 3928 ·

112 4015 195 4079 haee
218 4027 284 4078 tam
309 4011 543 4078 inconsiderate
562 4010 724 4093 disputata
746 4022 835 4084 sunt,
861 4022 895 4072 nt
916 4021 1029 4094 sponte
1047 4020 1198 4070 corruant
1211 4029 1268 4072 ne·

111 4139 173 4204 que
195 4117 329 4199 eopiosa
350 4115 541 4178 refutatione
569 4112 744 4198 indigeant.
796 4107 864 4174 Neo
884 4102 991 4202 nragis
1013 4109 1144 4174 defendi
1164 4123 1269 4194 potest
1306 4188 1312 4198 .

113 4217 250 4284 Meursii
272 4219 448 4292 sententio,
475 4233 569 4299 quam
589 4215 656 4276 iam
680 4211 826 4276 Stuartus
846 4215 879 4274 in
901 4212 1067 4298 Antiquitt.
1084 4209 1201 4275 Athen.
1218 4210 1269 4273 ed.

107 4319 223 4385 Germ.
246 4331 268 4381 t.
286 4314 330 4380 ΙΙ.
348 4336 381 4399 p.
399 4321 458 4380 39.
485 4317 563 4379 satis
586 4313 736 4400 explosit.
798 4311 924 4398 Quippe
950 4307 1152 4376 Leocharem
1182 4315 1293 4376 enim'

72 4445 74 4448 ·
114 4409 320 4501 statuarium,
347 4437 441 4504 quem
457 4417 525 4482 fere
541 4415 671 4502 Olymp.
686 4413 755 4480 (ΞΠ.
774 4425 874 4502 usqne
897 4415 938 4478 ad
955 4413 1044 4484 cxi.
1060 4406 1161 4480 artem
1175 4437 1271 4484 exer·
1322 4433 1336 4458 ι

896 4532 950 4598 -11
