3040 5014
442 213 488 252 ι
569 185 572 194 ·
641 119 843 314 -Ᾰιιι
900 149 981 250 -Σ

221 397 348 463 Piraeei
363 381 569 460 monitionem
587 392 760 472 decretam,
784 387 987 472 OhLXXll,
1003 397 1034 456 1.
1055 389 1209 458 archonte
1217 388 1387 479 Diogneto

221 503 399 586 inceptam,
426 495 479 562 01.
493 489 683 573 LXXll,2.
706 494 859 562 archonte
877 481 1048 578 Hyhrilide
1072 517 1091 558 a
1112 498 1285 580 superioris
1306 498 1386 560 anni

223 599 428 668 archontibus
450 597 604 676 Mercurii
625 609 762 663 statuant
784 597 1113 683 contestamurque
1134 595 1315 664 nominihus
1330 603 1386 664 in·

223 707 372 790 signitam
399 723 471 766 esse
499 702 681 774 existiman
723 701 808 786 quod
833 693 871 763 'ut
896 698 1080 780 confirmet,
1110 701 1273 792 Κεβρίδος
1296 702 1386 785 apurl

222 805 418 889 Hesychiurn
441 816 474 868 et
494 803 685 868 Favorinum
702 814 936 886 corruptumst
949 803 983 864 in
996 799 1180 890 Ὑβριλίδου
1195 805 1382 868 ululandum

224 929 295 972 esse
317 918 442 983 censet,
467 925 561 990 qoem
578 902 632 967 Ol.
648 903 791 984 LXXII,
809 911 842 967 2.
863 903 1047 968 archonteru
1070 906 1173 968 fuisse
1195 919 1321 970 constat
1339 927 1383 970 cx

119 1017 147 1032 ‘³
222 1010 320 1078 Faus.
342 1008 399 1074 Vl.
424 1014 459 1086 9,
480 1015 514 1071 2.
544 1004 737 1088 et‚Dionys.
760 1004 871 1071 Helie.
896 1009 995 1090 antiq.
1016 1027 1097 1071 rora.
1119 1005 1195 1072 Vll.
1218 1030 1250 1092 p.
1270 1014 1381 1074 1313.

187 1118 192 1130 ’
225 1109 318 1186 erod
343 1111 403 1174 etsi
426 1121 518 1174 acute
538 1097 700 1172 incentum
722 1122 788 1183 est,
810 1129 875 1172 non
894 1129 1027 1193 possum
1045 1122 1153 1172 tamen
1177 1111 1286 1175 faeere
1304 1114 1382 1205 quin

223 1217 346 1294 fatear,
368 1210 501 1276 multum
517 1209 692 1274 illudarihi
718 1207 760 1274 ab
777 1213 853 1293 ipsa
874 1214 1009 1276 veritate
1030 1211 1149 1276 distare
1168 1214 1282 1278 videri.
1332 1214 1382 1279 Ac

115 1377 118 1384 .
223 1318 360 1403 primurn
383 1312 620 1381 Themistocles
642 1311 760 1377 archon
783 1310 836 1376 Ol.
860 1311 987 1394 cxxi,
1010 1323 1044 1377 4.
1065 1335 1130 1378 non
1150 1314 1382 1380 columanctor
1449 1393 1456 1402 ι

225 1421 333 1484 extitit
347 1417 472 1482 Piraeai
489 1417 660 1492 murniendi,
678 1415 735 1479 sed
750 1419 821 1500 ipse
835 1437 962 1501 quicque
975 1403 1105 1480 inanum
1124 1421 1214 1502 operi
1231 1421 1381 1484 adurorit.

224 1521 299 1586 Vid.
320 1518 467 1602 Thucyd.
486 1516 511 1582 l.
536 1523 595 1584 93.
645 1515 731 1580 'l'orn
755 1518 939 1582 emendatio
969 1521 1110 1584 nominis
1132 1523 1312 1608 Κιβρίὸος,
1340 1543 1382 1586 ne
1440 1547 1442 1552 ·

210 1617 329 1688 'uirum
352 1620 512 1699 uiolenta,
546 1619 676 1682 minime
697 1633 810 1684 tamen
825 1623 1008 1686 necessaria
1034 1633 1094 1685 est.
1146 1614 1295 1710 Namque
1322 1627 1384 1689 cir·

226 1725 446 1808 cunrspicienti
464 1719 550 1785 ultro
570 1741 643 1786 sese
666 1723 804 1786 offerunt
828 1720 959 1809 Olymp.
980 1720 1139 1800 Lxxlu,
1162 1731 1196 1788 2.
1211 1731 1301 1807 et3,
1327 1729 1382 1813 qui

201 1827 263 1893 ‘iu
286 1829 379 1892 lastis
402 1824 518 1890 Atticis
538 1820 745 1887 archontibus
766 1826 835 1888 suis
862 1838 989 1906 carent,
1014 1826 1060 1889 ita
1085 1837 1120 1888 nt
1149 1826 1380 1892 alteriusutrius

226 1927 397 1992 Cchridenr
413 1924 599 1990 archontcnr
612 1925 710 1990 luisse
726 1924 812 1994 haud
825 1924 997 1991 absurdum
1010 1929 1054 1993 sit
1069 1931 1235 2014 nupicari.
1268 1929 1381 2018 Neque

226 2032 380 2116 estquod
403 2031 436 2093 in
455 2049 496 2092 eo
517 2027 740 2107 offendamus,
762 2025 848 2112 quod
871 2032 919 2094 sic
940 2033 1122 2114 ponendum
1144 2045 1210 2113 est,
1236 2046 1312 2118 post
1331 2038 1381 2098 in-

226 2133 375 2198 choatarn
396 2131 613 2198 munitionem
641 2149 703 2194 sex
727 2145 893 2215 septemve
911 2135 1003 2196 anuis
1024 2146 1162 2198 statuam
1186 2138 1280 2199 istara
1307 2159 1381 2206 esse

226 2233 448 2304 collocatura&
481 2230 599 2296 Totum
616 2253 697 2316 opus
711 2252 775 2296 non
791 2256 856 2297 uno
872 2256 957 2299 anno
975 2234 1157 2300 absolutum
1174 2251 1239 2312 eser
1260 2241 1283 2302 ii
1302 2262 1381 2326 quo·
1450 2259 1454 2269 ·

113 2361 117 2374 ’
226 2361 286 2424 que
312 2339 366 2423 qui
386 2333 616 2400 inchoaverant
636 2356 701 2397 non
720 2332 884 2403 habebant
908 2336 1009 2401 altero
1022 2336 1075 2403 uel
1089 2341 1183 2403 tertio
1198 2362 1282 2405 anno
1297 2343 1381 2428 quod

226 2443 265 2506 dc
284 2439 433 2503 inchoate
449 2458 543 2522 opere
558 2435 782 2520 gloriarentur,
809 2434 896 2511 Quid
909 2439 1022 2524 igitur,
1037 2443 1073 2507 si
1093 2449 1189 2506 sexto
1203 2447 1382 2528 septimove

227 2562 311 2606 anno
326 2540 451 2603 Piraeei
466 2540 672 2603 rrrrrnirioncrn
690 2537 870 2606 absolutam
886 2561 975 2620 esse,
1001 2544 1091 2626 ipsos
1105 2547 1158 2628 qui
1175 2543 1382 2614 absolverunt
1400 2609 1409 2628 ,

227 2641 398 2726 archontes
431 2643 465 2704 in
494 2640 590 2706 huius
607 2640 693 2737 ’lacti
723 2641 862 2726 gloriam
888 2658 1130 2710 mouumentum
1160 2641 1292 2740 aliquorl
1321 2674 1381 2716 ex-

227 2743 406 2847 struxisse,
439 2757 505 2808 ιιιιιι
531 2753 588 2806 eo's
611 2763 753 2827 qnoque,
783 2765 915 2849 quorum
943 2750 1097 2832 auspiciis
1122 2765 1270 2834 ,coeptum
1291 2749 1380 2839 ‘opus

225 2862 332 2928 esset,
361 2845 586 2916 aemulationis
611 2866 726 2908 caussa
748 2859 885 2912 statuam
911 2851 978 2912 suis
992 2849 1177 2915 nominihus
1195 2857 1380 2941 insignitam

226 2951 404 3016 collocasse
422 2946 599 3030 ponamus?
646 2946 731 3010 Tum
747 2963 831 3012 certe
851 2948 953 3032 lectio
972 2953 1132 3040 Κιβρίὸος
1150 2953 1261 3037 libris,
1286 2939 1380 3024 fastis

225 3052 342 3142 Atticis
357 3049 477 3114 archon
492 3047 624 3130 Olynrp.
635 3047 793 3128 LXXIll,
808 3059 840 3114 2.
853 3049 904 3114 vel
916 3059 947 3117 3.
964 3057 1177 3141 assignandus
1193 3077 1382 3129 servaretur.

225 3154 270 3220 At
291 3155 344 3218 his
368 3172 491 3238 qnoque
513 3151 648 3236 argutiis
667 3153 806 3216 minime
826 3165 910 3236 epus
939 3175 1012 3219 esse
1036 3159 1256 3239 demonstrare
1283 3184 1381 3250 posse

225 3255 306 3321 mihi
328 3255 450 3322 videor·
924 3261 928 3270 Ι
971 3333 975 3342 Ι

323 3357 474 3433 Scilicet,
499 3357 562 3440 nisi
583 3357 692 3423 omnia
719 3355 926 3436 mosellano,
952 3366 1085 3444 prorant
1108 3361 1173 3429 alia
1194 3367 1256 3432 init
1273 3382 1381 3435 statua

110 3493 112 3498 ·
153 3466 156 3482 '
227 3483 320 3550 quam
343 3462 376 3527 h.
391 3460 414 3524 l.
434 3459 612 3523 Pausanias
635 3472 667 3522 et
686 3457 722 3522 ll.
739 3458 774 3523 ll.
793 3459 974 3542 Hesychius
990 3476 1085 3548 atqua
1102 3466 1282 3530 Favorinus
1302 3474 1381 3535 affe.

226 3575 317 3640 runt,
339 3557 458 3676 Ἑρμῆς
471 3557 646 3644 ἀγοραῖος,
672 3579 772 3640 propa
796 3558 1065 3640 poecilenstoam
1088 3563 1262 3643 collocata,
1284 3579 1379 3656 atque

224 3658 342 3748 Ἑρμῆς
370 3685 390 3727 ο
420 3659 504 3746 πρὸς
534 3657 576 3748 τῇ
602 3657 712 3722 πυλίδι
743 3657 1017 3741 Harpocrationis.
1068 3661 1121 3726 De
1153 3679 1288 3753 utroque
1315 3691 1383 3738 ser-

227 3783 355 3830 monem
389 3761 467 3826 lecit
495 3756 727 3838 Philochorus,
764 3759 948 3844 etquidem
980 3764 1020 3826 de
1053 3761 1155 3830 altero
1182 3774 1217 3835 ἐν
1246 3765 1380 3857 πέμπτοι

218 3859 389 3944 Ἀτθίδος,
420 3864 460 3928 de
480 3863 587 3946 priore
613 3859 654 3926 ἓν
676 3857 811 3950 τρίτῳ.
860 3853 955 3928 Haec
978 3880 1130 3932 constans
1153 3883 1204 3932 est
1226 3844 1381 3961 scriptura

225 3966 379 4032 librorum
403 3961 559 4048 Hesychii
582 3976 675 4048 atquc
696 3962 867 4044 Favorini,
901 3988 994 4051 quarn
1015 3991 1183 4054 perperam
1205 3972 1379 4058 Coruinius,

227 4084 262 4136 nt
283 4089 356 4134 cnm
377 4066 634 4150 Harpocratione
657 4063 707 4154 illi
723 4067 757 4128 in
775 4087 810 4129 re
827 4066 1046 4135 diversissima
1069 4075 1175 4157 (qnod
1193 4099 1257 4142 non
1281 4083 1379 4167 vidit)

228 4173 464 4256 conspirarent,
500 4170 534 4230 in
556 4166 589 4233 ἐν
611 4173 743 4250 πέμπτῳ
773 4170 892 4232 mutari
917 4169 1028 4237 voluit.
1077 4173 1258 4245 Concidunt
1283 4185 1378 4248 simul

174 4293 176 4298 ’
227 4277 354 4349 carnia,
374 4281 456 4360 quae
478 4266 661 4334 Boackhius
676 4267 716 4332 tle
732 4267 903 4352 Hybrilide
919 4291 1041 4361 nosque
1058 4277 1098 4342 dc
1113 4276 1251 4347 Cebride
1272 4283 1379 4370 dispu-
1447 4301 1450 4316 ·
