3038 4976
505 243 513 254 ,
607 175 660 194 ··-
722 153 854 214 xxxa
919 175 970 190 -
1477 162 1480 290 p

181 331 439 426 ‘grammatici
467 338 504 400 et
531 332 676 402 metrici
699 342 739 402 ut
763 329 1006 426 ignobiliores
1036 349 1058 396 a
1085 323 1243 398 caeteris
1273 345 1434 418 sepa.

208 474 340 536 rantur
365 465 573 560 philologis.
623 462 796 538 Omnium
830 475 953 536 autern
986 462 1221 555 apertissime
1253 481 1412 554 proea-

211 597 433 692 cissimaque
478 620 560 670 cum
602 598 737 669 fiducia
779 621 884 670 suum
928 598 1251 692 grammaticorum
1295 616 1409 664 eon·

211 741 387 824 temptum
423 707 506 821 ipse
536 733 726 824 professus
758 745 814 802 est
841 709 999 824 scriptor
1030 751 1210 801 censurae
1235 728 1275 798 in
1309 749 1410 798 me·
1484 789 1485 796 ,

211 864 384 934 morabili
416 865 482 938 illa
524 864 755 955 praefatione
789 863 1046 936 Eumenidum.
1105 863 1278 936 Alterum
1313 870 1408 948 est,

213 979 309 1090 quod
336 995 547 1088 Reisigium
570 1019 702 1069 censor
723 999 912 1092 digniores
939 999 1137 1092 quasdam,
1164 1015 1272 1090 quam
1288 1015 1407 1088 quae

215 1150 239 1198 a
263 1150 323 1199 mc
349 1140 654 1202 commemoratae
678 1111 837 1217 fuerint,
869 1133 1009 1204 irarum
1036 1151 1187 1202 caussas
1208 1127 1407 1200 habuisse

190 1259 412 1355 ‘significat
466 1262 511 1335 si
542 1243 703 1349 sciebat,
750 1285 844 1358 quae
876 1263 972 1335 istae
1006 1264 1196 1363 digniores
1230 1281 1405 1331 caussae

218 1403 361 1483 essent,
387 1409 454 1468 cur
476 1419 551 1470 non
576 1397 697 1470 diuiti
749 1397 834 1468 Non
861 1398 959 1467 enim
988 1398 1183 1468 reticuisse
1208 1415 1406 1464 cercenna

218 1529 281 1628 dia
305 1531 473 1622 -qaadam
508 1512 727 1600 documento
760 1538 847 1599 aaa
885 1527 1111 1600 Eumenides
1143 1548 1311 1623 quaeque
1338 1527 1403 1598 iis
1485 1557 1486 1644 p

140 1637 144 1646 ’
219 1662 464 1746 defendendis
484 1663 644 1754 scripsit.
693 1659 895 1764 Criminari
920 1683 994 1734 non
1016 1662 1203 1734 nominato
1220 1660 1404 1749 erimine,

198 1794 372 1866 itinero
396 1803 454 1864 est
479 1795 708 1888 calumniari.
744 1794 820 1866 Sed
845 1795 909 1897 qui
934 1797 1097 1866 seribere
1123 1790 1260 1888 potuit,
1288 1785 1402 1890 quod
1485 1805 1486 1831 ¹

219 1928 267 1999 in'
288 1917 532 2000 Eumenidum
551 1928 767 2022 appendicis
788 1913 906 2021 prima
931 1929 1067 2021 pagina
1088 1927 1246 1999 lectores
1263 1931 1402 2000 mirati

222 2056 342 2151 sant‚·
367 2059 472 2149 lbyei
501 2061 692 2178 *editorem
736 2083 870 2155 graves
906 2062 1246 2155 poenas-dedisse,
1289 2065 1400 2156 quod
1485 2118 1486 2144 a

172 2289 173 2293 Ἰ
222 2187 424 2286 Gottingae
456 2201 496 2262 et
527 2213 601 2264 non
632 2191 786 2285 Lipsiae
818 2219 964 2270 cursum
992 2196 1198 2270 studiorum
1224 2192 1403 2284 fecisset,'
1484 2197 1486 2222 ³

223 2339 308 2399 cum
334 2325 508 2419 quidest
534 2327 631 2419 quod
658 2329 740 2420 quis
766 2353 840 2400 noa
865 2353 973 2422 posse
992 2333 1156 2402 scribere
1174 2325 1400 2401 existimet?

222 2455 282 2528 lta
318 2467 596 2529 ¹(torrsummatae
633 2457 860 2554 philologiae
900 2457 1057 2555 gloriam
1092 2463 1278 2555 appetenti
1314 2469 1406 2534 non‘

119 2668 123 2678 x
222 2584 376 2661 relictus
403 2599 460 2660 est
486 2591 610 2678 loeus,
645 2590 711 2662 ubi
735 2595 854 2684 pudor
879 2591 1117 2680 consisteret,
1154 2615 1262 2686 quem
1287 2604 1401 2686 puta·
1433 2633 1439 2640 -
1484 2646 1486 2690 p

222 2721 355 2794 bamus
390 2723 487 2792 lraud
523 2696 894 2834 minimum'illarum
928 2747 1009 2797 esse
1048 2725 1210 2798 fructum
1252 2725 1405 2818 littera-·¹
1486 2707 1487 2777 l

225 2869 327 2945 rum,
348 2829 694 2968 ·quas¹eonsuetudo
721 2857 958 2933 humaniores
985 2860 1157 2954 appellat.
1261 2907 1263 2915 -
1484 2909 1487 3112 p
