3040 5014
652 154 971 254 -.-1'm-

228 399 309 467 qaae
323 377 452 442 doceret
469 373 508 439 ad
524 370 604 438 litas
623 373 711 440 extra
727 375 852 460 po'rtam
869 375 964 438 sitam
980 375 995 459 (
1004 365 1129 460 ἆκτή),
1152 383 1184 440 εί
1208 369 1335 463 qnidam
1353 377 1394 443 in

120 463 123 474 ¹
229 496 319 569 parte
343 477 432 544 urbis
456 473 673 554 meridionali,
699 497 812 540 νοτειιε
838 477 990 558 ocientem
1018 479 1086 541 aive
1108 479 1147 542 ad
1171 479 1315 546 dextram
1337 485 1391 545 in-

117 655 119 662 ,
229 587 324 653 tranti
340 580 450 646 urbem
467 603 509 644 ex
530 577 680 655 Piraeeo,
706 581 803 665 igitur
827 579 911 642 intra
924 591 1059 663 ,portam
1079 579 1244 645 Piraeeam
1268 595 1300 647 ct
1322 583 1393 648 lto·

229 690 331 759 niam3
356 683 403 748 ibi
426 685 509 747 enim
533 681 874 766 praeiet-navigandum
898 683 940 744 its
962 695 1032 746 etat
1052 684 1125 768 qui,
1145 696 1180 747 ut
1198 685 1390 764 Leocrates,

228 787 374 854 Rhodum
398 783 580 850 tendebant.
630 783 741 869 ltaque
762 784 900 848 fortasse
926 805 979 866 ep.
993 783 1095 870 Harp.
1110 807 1136 848 ε.
1151 805 1181 851 v.
1199 785 1321 874 Ἐρμῆς
1335 813 1390 854 νυ.

227 885 288 959 τόν
308 885 471 965 Ἀττικόν,
505 889 628 950 otnlsta
651 885 796 949 exscida
816 899 910 970 atque
935 886 1069 966 Photio,
1097 889 1136 950 in
1164 884 1225 957 τὸν
1249 883 1391 959 ἆκταίον

227 991 398 1070 mutanda,
425 989 508 1076 quod
530 989 596 1051 iam
618 985 764 1058 Cominio
788 991 821 1051 in
843 1001 982 1052 mentem
1002 985 1112 1070 venit,
1132 992 1185 1076 qui
1203 1007 1313 1056 tamen
1330 989 1391 1061 τὸν

225 1088 398 1180 Ἀγοραίου
417 1094 514 1156 etiam
538 1088 741 1154 scribendum
771 1111 843 1176 esse
874 1093 1027 1168 coniecit,
1057 1103 1092 1154 nt
1106 1092 1202 1168 ‚idam
1226 1103 1313 1164 esset
1333 1095 1390 1162 hio

225 1195 405 1262 Mercurius
438 1215 509 1256 cam
545 1180 656 1257 altero.
706 1191 855 1256 Ceterum
886 1192 996 1277 plnres
1029 1195 1097 1258 eius
1129 1196 1215 1260 modi
1242 1197 1389 1281 portulae

224 1298 372 1365 Athenae
393 1292 572 1368 habebant3
597 1287 761 1361 πυλίδα
740 1323 770 1390 η
779 1321 799 1378 η
789 1287 981 1374 Ποίνοπος
1000 1293 1102 1386 κρήνη
1120 1314 1277 1363 memorat
1293 1299 1386 1366 Plato

224 1397 337 1485 Lysid.
354 1401 422 1462 init.
414 1422 469 1484 ..p
486 1403 570 1462 203.
584 1398 630 1478 A,
658 1419 738 1484 qnae
756 1400 820 1462 sita
839 1413 907 1462 erat
927 1401 1149 1483 interpolatam
1165 1399 1269 1487 Aegei
1289 1417 1384 1489 atquc

225 1497 449 1582 Melitensem,
470 1499 590 1566 πυλίδα
614 1522 652 1566 ου
678 1499 696 1566 ὁ
723 1495 863 1585 οἶνος
836 1524 931 1579 ωνιος
949 1504 982 1566 in
998 1500 1186 1581 Ceramico,
1211 1505 1384 1571 initiator

220 1605 388 1672 Pii-accam
415 1615 447 1666 at
468 1623 593 1666 sacram
624 1612 748 1684 portam
771 1605 887 1679 sitam,
918 1602 1090 1668 Ιοεευειί.
1115 1604 1223 1669 hored.
1247 1607 1384 1673 Philoct.

211 1711 255 1787 5.
271 1713 330 1770 20.
371 1705 450 1769 Eius
473 1715 577 1767 autem
602 1702 768 1787 portulae,
800 1704 839 1767 ad
864 1707 1065 1790 quana'stetit
1088 1691 1287 1797 Merousion,
1308 1731 1384 1795 pro·

148 1865 153 1872 ,
223 1811 327 1897 prium
352 1827 469 1872 nomen
489 1797 510 1889 ἡ
534 1804 627 1884 πυλίς
648 1807 755 1884 ίιιὶεεοι
772 1805 977 1872 Μεειυιιετυε
998 1810 1032 1872 in
1053 1808 1160 1874 annot.
1182 1811 1222 1874 ad
1244 1810 1383 1900 Lycei-g.

224 1933 256 1998 p.
277 1915 360 1976 108.
386 1931 430 1973 ex
452 1907 601 1994 Lycurgo
625 1909 752 1992 quidem
775 1921 873 1996 negat
893 1931 988 1993 posse
1010 1909 1137 1998 colligi,
1168 1910 1226 1976 sed
1247 1916 1313 1978 iam
1336 1937 1381 1980 ex

222 2011 479 2098 llarpocrationc
502 2009 656 2096 colligere
678 2009 826 2076 debebat.
878 2009 972 2086 Quod
998 2015 1027 2076 εἰ
1047 2015 1098 2078 cui
1116 2016 1228 2080 mirum
1246 2016 1382 2094 videtur,

224 2137 321 2183 unum
345 2135 423 2200 prae
444 2115 558 2178 cetenis
581 2115 697 2178 ostimn
723 2113 783 2178 hoc
797 2117 935 2202 nominc
951 2107 1138 2203 insignitam
1157 2139 1249 2198 casa,
1277 2122 1382 2184 omnis

222 2221 336 2303 opinor
360 2215 530 2282 difficultas
553 2213 674 2281 tollitur
701 2218 928 2301 cinnomus,
954 2215 1015 2282 hoc
1038 2233 1165 2302 praeter
1187 2235 1297 2304 portas
1316 2225 1383 2306 pri·

136 2375 142 2386 .
220 2311 308 2384 anum
325 2332 417 2405 atque
432 2341 491 2402 pet
507 2317 637 2403 aliquod
654 2331 779 2402 tempus
791 2322 917 2382 unicam
934 2319 1053 2401 luisse,
1080 2333 1154 2404 post
1169 2321 1285 2386 additis
1307 2322 1382 2390 aliie

219 2424 321 2509 ptimo
339 2421 420 2485 illud
436 2443 567 2484 notnen
563 2431 717 2506 tanquam
732 2423 895 2545 proprium
911 2422 944 2483 in
961 2435 1148 2508 perpetuum
1163 2423 1357 2492 adhaesisse.¹

321 2587 403 2674 Cap.
427 2569 551 2653 XVlll.
578 2591 607 2667 ς.
632 2592 666 2654 3.
701 2591 841 2685 πλησίον
866 2591 903 2656 δὲ
927 2581 1124 2678 nonomine
1148 2600 1252 2676 ἐστιν,
1289 2539 1326 2664 ίν
1350 2581 1403 2681 nl'⁸

206 2681 315 2778 νόμον
344 2715 379 2757 τε
413 2693 445 2758 οἱ
481 2682 660 2769 Σόλωνός
671 2713 734 2758 εισι
767 2698 983 2784 γεγραμμένοι
1017 2697 1076 2764 καί
1108 2696 1199 2764 θεῶν
1234 2690 1380 2789 ὶίρηνης

217 2787 394 2881 circinante
418 2795 520 2862 κτίται
552 2796 609 2861 καὶ
630 2791 770 2872 Ἑστίας.

319 2924 370 2989 Ao
384 2924 473 2988 haec
487 2922 651 2988 Siebelis·
684 2925 810 3005 „Estne
829 2925 909 2990 daec
935 2925 1032 2992 Vecta
1056 2918 1076 3010 ἦ
1097 2931 1251 2996 Βουλαία
1266 2939 1300 2996 τἰι
1314 2920 1382 2996 Ατέ

216 3025 335 3092 ecdicio
350 3037 433 3090 orat.
454 3027 662 3110 δίαυλος.
675 3049 710 3110 p.
730 3031 787 3090 76.
802 3027 1012 3094 bibliothecae
1029 3033 1240 3096 είοττίοοείίί
1284 3032 1377 3100 Haec

218 3130 247 3191 si
270 3127 331 3191 fuit
353 3129 501 3203 omnino,
527 3125 616 3190 illam
639 3148 704 3191 non
733 3129 868 3192 eandem
899 3131 997 3197 fuisse
1026 3151 1084 3216 pto
1112 3133 1376 3224 exploratissimo

215 3227 365 3293 habeo.
385 3225 515 3315 Quippe
534 3227 714 3295 Aeschines
744 3233 774 3295 d.
797 3229 872 3294 fala.
894 3232 959 3318 leg.
984 3234 1015 3311 5.
1038 3238 1098 3301 45.
1125 3227 1170 3313 ὡς
1190 3231 1254 3325 γὰρ
1281 3230 1374 3325 δεῦρ’

214 3326 364 3419 ἤλθομεν
397 3336 453 3401 καὶ
485 3326 567 3460 πρὸς
592 3336 655 3415 την
683 3329 844 3420 βουλην
830 3337 881 3401 επὶ
907 3336 1092 3428 κεφαλαίων
1116 3332 1176 3420 την
1200 3338 1377 3425 πρεσβείαν

214 3427 454 3521 ἀπηγγείλαμεν
481 3439 535 3500 καί
562 3429 622 3514 τὴν
646 3432 817 3516 ἐπιστολὴν
849 3435 1010 3522 ἀπέδομεν
1039 3462 1101 3518 την
1133 3463 1225 3523 παρα
1255 3439 1376 3504 teatin·
1406 3451 1410 3458 “

215 3557 294 3614 που,
323 3538 489 3614 ἐπαινέτης
512 3556 554 3614 ην
580 3527 674 3613 ημῶν
707 3537 924 3615 Δημοσθένης
952 3538 1033 3624 πρὸς
1053 3561 1133 3612 τους
1156 3533 1375 3625 βουλεύοντας

214 3638 268 3702 καί
302 3629 362 3717 τὴν
390 3633 521 3700 Ἑστίαν
552 3629 697 3718 ἐπώμοσε
723 3636 783 3716 τὴν
805 3635 967 3718 βουλαίαν
992 3641 1194 3724 συγχαίρειν
1204 3638 1244 3729 τῇ
1269 3636 1372 3730 ποίεε,

89 3732 95 3750 ‘
198 3735 262 3804 -ὅτι
286 3730 454 3813 τοιούτους
478 3732 601 3822 ἄνδρας
626 3733 679 3803 ἐπὶ
703 3759 763 3818 την
786 3737 960 3824 πρεσβείαν
984 3738 1160 3828 ἐξέπεμψεν
1183 3743 1253 3806 κτλ.
1281 3743 1372 3810 Bov-
1380 3793 1383 3806 .

211 3841 290 3907 λαία
305 3833 546 3923 (ίίοίεεβονλή.
595 3835 771 3922 Harpocr.
775 3859 800 3902 ε.
823 3860 852 3902 v.
873 3835 1034 3926 βουλαία·
1073 3839 1286 3929 Δείναρχος’
1270 3868 1305 3911 εν
1328 3842 1371 3940 τῇ

114 3963 117 3968 ·
210 3941 294 4006 κατὰ
331 3939 582 4017 Καλλισθένους
614 3941 742 4023 ἐνδείξει
780 3941 1027 4030 ,μαρτύρομαι
1046 3965 1107 4026 την
1136 3937 1276 4014 Εστίαν
1307 3942 1370 4029 τὴν

199 4040 415 4127 βουλαίαν,“
454 4037 546 4108 οἷον
559 4066 622 4123 την
653 4047 688 4110 ἐν
719 4040 760 4136 τῇ
783 4042 889 4138 βουλῇ
917 4041 1097 4134 ἱδρυμένην.
1150 4047 1259 4133 ltaque
1285 4065 1387 4134 quae*

210 4145 317 4209 catriae
345 4156 414 4208 erat
441 4144 591 4228 proptia,
629 4146 665 4208 in
686 4160 841 4230 prytaneo
864 4168 937 4212 esce
964 4169 1027 4211 non
1047 4162 1183 4232 pomaeo
1244 4149 1365 4213 Verum

190 4249 384 4311 enimaero
397 4251 531 4330 utroque
555 4245 590 4308 in
618 4244 692 4312 loca
716 4261 748 4312 ct
774 4247 953 4336 ubicunque
986 4253 1056 4314 eius
1082 4255 1201 4317 mentio
1232 4249 1270 4314 lit
1299 4271 1364 4316 non

200 4338 357 4430 onciae,
380 4347 438 4413 aad
455 4347 565 4417 ι’στίαν
578 4347 780 4462 scribendam
795 4371 868 4420 essa
883 4373 1017 4431 censeo,
1038 4355 1082 4419 ita
1097 4365 1132 4418 ut
1147 4345 1212 4418 non
1227 4351 1363 4420 Vestam
