3040 5014
593 219 703 298 ,-,
750 150 836 279 ste
894 219 952 240 .-

211 387 271 454 erit
299 379 513 469 reipublicae,
546 379 610 446 uisi
636 378 720 444 sciat
743 399 800 459 ee,
840 399 922 464 quae
946 379 1029 446 iusta
1051 389 1082 444 et
1104 378 1192 448 bona
1214 381 1383 464 dicuntur,

209 499 368 577 ιμιιιιιιιιι
392 488 455 552 siut
479 485 564 548 iusta
587 495 621 546 et
642 479 728 548 boue
745 477 812 565 ¹²).
852 481 979 550 Boutrm
992 497 1098 550 erstem
1112 486 1218 571 ipsum
1235 485 1316 550 solis
1330 489 1384 552 iu·
1421 533 1427 548 .

211 606 297 671 star,
318 609 386 676 que
401 609 453 652 ros
465 583 612 654 sensibus
626 581 793 654 suiriectae
806 583 1004 652 illustrantur
1019 599 1051 652 et
1067 585 1214 670 aluntur,
1240 611 1383 654 naseun-

213 709 264 782 tut·
285 708 318 758 et
338 701 499 769 crescunt,
545 709 611 762 ιιοιι
615 677 730 754 modo
751 685 885 754 rebus
867 691 977 774 ipsis,
1014 711 1098 774 quae
1128 707 1383 778 cognoscuntur,

212 799 377 864 seruatam
409 791 537 871 tribuit,
572 791 629 856 sed
663 793 762 856 etiam
794 794 895 856 menti
928 790 1114 858 facultatem
1146 795 1241 860 effert
1266 815 1382 860 uerum

212 896 429 984 cognoscendi
460 876 541 981 (Ἣ.
569 899 653 960 508.
677 895 747 980 Β).
784 884 934 982 idemque
956 892 1082 960 Beuum
1110 895 1225 973 efficit,
1264 912 1299 963 ut
1323 917 1381 964 res
1427 873 1430 880 Ι

212 1011 464 1088 cognoscantur,
497 997 571 1081 quin
598 999 695 1062 etism
718 1007 753 1060 ut
773 993 856 1076 sint,
895 1017 965 1062 cum
992 999 1101 1081 ipsum
1124 995 1255 1066 Βοιιιιιιι
1279 992 1381 1090 οὐσίᾳ

143 1177 148 1186 ,
180 1147 183 1154 ·
214 1117 404 1188 exemptum
422 1102 465 1166 sit
480 1095 533 1189 (p.
546 1097 701 1183 509.Β.).
726 1097 810 1172 Tum
824 1099 1029 1184 praesideas
1044 1113 1192 1168 extremo
1206 1101 1290 1166 libro
1307 1101 1380 1183 v1.,

213 1223 250 1272 ut
260 1204 452 1293 cognitionis
467 1201 589 1287 gradus
605 1202 796 1279 constituat,
820 1203 989 1288 distinguit
1008 1199 1049 1266 ab
1063 1205 1129 1286 iis,
1156 1225 1238 1290 quae
1254 1203 1378 1270 hahent

212 1314 334 1378 formas
358 1308 539 1383 admistas,
561 1323 619 1368 eas
638 1304 766 1391 quidem
788 1303 938 1369 sensibus
955 1303 1133 1371 subiectas:
1158 1328 1256 1391 puras
1271 1310 1379 1372 intrue-

211 1435 283 1478 mur
298 1407 461 1476 intellectu
474 1401 642 1494 (νοήσει),
666 1425 776 1472 earum
791 1410 952 1528 imagines
972 1406 1105 1496 διανοίᾳ
1127 1411 1375 1498 cognosciturus

211 1518 265 1584 res
291 1509 439 1578 sensibus
465 1507 624 1574 subiectas
645 1507 768 1588 πίστει,
798 1511 959 1596 imagines
990 1514 1174 1610 coniectura
1202 1507 1376 1600 (ιικασίιμ)
1487 1554 1497 1568 ·

103 1615 106 1620 “
205 1619 418 1705 percipimus.
468 1611 510 1676 Et
531 1613 681 1696 ιμιοιιίιιιιι
704 1605 741 1678 ro*
764 1607 902 1698 ἀγαθόν
927 1635 999 1678 curn
1021 1613 1090 1680 sole
1120 1597 1376 1700 conparaverat,

210 1722 356 1810 plerique
379 1735 455 1780 vero
478 1712 643 1793 homines,
670 1716 822 1798 opinione
842 1719 1002 1796 conteuti,
1028 1721 1268 1798 austeritatis,
1294 1732 1378 1784 tam·

211 1845 306 1911 quarn
323 1819 420 1898 solis,
446 1815 550 1884 lucem
568 1817 652 1882 ferre
664 1832 845 1903 nequeunt,
871 1829 929 1882 aut
948 1817 1080 1884 umbras
1096 1842 1201 1886 rerum
1217 1843 1276 1906 pro
1294 1823 1374 1906 ipsis

212 1926 308 1994 rebus
327 1922 508 2008 accipiunt,
535 1933 662 2002 praeter
676 1922 967 2006 istosoognitionis
981 1923 1100 2007 gradus
1117 1938 1264 1989 extremo
1278 1923 1301 1988 l.
1316 1921 1374 1989 Vl.

214 2028 405 2098 constitutos
423 2020 517 2086 Plato
544 2020 619 2084 Vll.
643 2020 727 2086 libre
752 2023 882 2089 ineunte
906 2028 988 2090 autri
1009 2022 1210 2091 subterranei
1228 2030 1377 2113 imagine

213 2133 380 2198 homiuum
397 2124 615 2211 ignorantiam
632 2122 794 2206 describit,
815 2129 870 2211 qai
884 2123 926 2188 ab
943 2127 1030 2192 editu
1047 2129 1154 2194 aversi
1169 2120 1377 2216 atqoeuincti

215 2255 279 2300 uon
302 2231 404 2296 nisis
427 2240 519 2312 tergo
542 2227 679 2290 effusum
703 2229 833 2316 igneum
857 2227 1061 2313 splendorem
1086 2253 1151 2298 non
1168 2236 1292 2320 ipsum,
1318 2233 1377 2298 sed

199 2355 320 2404 ‘uerum
344 2346 378 2398 et
398 2329 564 2394 hominum
590 2333 860 2412 praetereuntium
884 2329 1015 2402 umbras
1041 2335 1169 2416 vident,
1186 2351 1232 2423 'et
1253 2338 1283 2408 si
1305 2338 1376 2422 quis
1404 2325 1408 2330 ⁵

214 2436 350 2506 uinculis
370 2433 677 2516 solatiosuspiciat,
709 2447 841 2518 propter
866 2433 1030 2506 oculorum
1059 2437 1203 2510 dolorem
1228 2461 1272 2504 ex
1295 2438 1377 2504 lucis

209 2540 386 2628 splendore
401 2546 588 2616 conceptum
606 2534 644 2596 ad
661 2556 766 2600 rerum
782 2534 955 2602 simulacra
971 2537 1107 2621 redibit,
1126 2541 1228 2606 donec
1245 2541 1373 2626 longio-

204 2667 251 2734 ,¹⁰
268 2639 501 2706 exercitatione
516 2655 722 2719 repercussas
738 2639 780 2702 in‘
797 2641 889 2725 eqrris
911 2663 1016 2706 rerum
1037 2645 1215 2731 imagines,
1238 2645 1374 2728 denique

208 2750 318 2834 ipsum
337 2737 442 2806 solem
459 2735 646 2822 adspiciet,
661 2739 856 2829 multumque
870 2762 942 2808 eum
958 2746 1191 2834 contemplatus
1207 2745 1377 2835 intelliget,

209 2873 234 2917 ιι
249 2846 321 2914 sole
335 2863 447 2908 omnes
460 2863 517 2906 res
529 2838 685 2908 illustrari
700 2856 733 2908 et
748 2847 866 2930 foueri,
890 2860 926 2912 ut
946 2850 1077 2934 uigeant
1096 2861 1129 2914 et
1149 2863 1373 2916 maturescant

149 2941 153 2955 ⁸
200 2953 250 3041 vSi
264 2952 335 3037 quis
351 2944 502 3032 igiturad
518 2946 585 3008 vert
602 2948 819 3031 cognitionem
842 2947 1016 3015 atenebris
1030 2950 1169 3017 liberam
1183 2955 1375 3038 pervenerit,

213 3067 247 3120 et
268 3069 366 3120 ausus
386 3050 481 3114 luerit
503 3046 542 3109 ad
569 3057 695 3110 antrum
710 3049 814 3113 redire
830 3071 967 3138 eosque,
992 3074 1125 3134 quarum
1142 3059 1306 3122 miseriam
1321 3058 1375 3122 de·

207 3157 334 3246 ploret,
361 3149 495 3215 meliora
508 3148 640 3229 docere,
665 3148 821 3216 ridebitur
837 3165 869 3216 et
882 3174 941 3236 pro
957 3152 1054 3218 stulto
1069 3137 1248 3224 habebitur.
1311 3171 1313 3180 ·

313 3271 351 3338 In
366 3269 427 3336 hac
440 3265 631 3356 praeclara'
622 3272 784 3358 rmagine,
808 3293 902 3358 quam
915 3275 985 3359 ipse
1003 3277 1139 3362 scriptor
1155 3276 1239 3345 Vss.
1223 3302 1279 3368 p.
1270 3285 1376 3344 ..ott
1388 3253 1390 3263 Ι

212 3378 251 3498 Β.
264 3375 349 3444 etC.
365 3366 411 3464 13)
434 3376 679 3459 iuterpretatur,
715 3377 812 3442 totius
842 3374 936 3443 htrius
959 3378 1001 3444 de
1024 3378 1248 3468 philosophiae
1270 3385 1376 3447 studio

214 3562 496 3585 Μ

247 3673 293 3734 12)
312 3668 377 3720 Lib.
388 3665 437 3718 vl.
450 3679 478 3731 p.
495 3662 554 3717 5⁰6.
569 3661 602 3712 A·
622 3664 702 3732 Οἶμαι
714 3667 791 3732 γοῦν,
810 3669 895 3734 einer,
911 3670 1000 3723 δίκαιά
1016 3691 1044 3724 τε
1060 3673 1103 3723 aul
1119 3642 1194 3725 seiri!
1205 3669 1376 3742 ἅγνοοιῗμεια,

280 3755 332 3825 ὅπῃ
353 3753 417 3806 neci
440 3744 535 3819 dyaat
559 3750 643 3811 lustr,
673 3745 706 3802 od
731 3753 832 3806 uallari
855 3773 927 3814 τιιος
951 3751 1024 3814 ἄξιον
1048 3755 1153 3826 φύλακα
1176 3759 1321 3824 κεκτῆσθαι
1343 3764 1377 3816 ἄν
1429 3827 1433 3832 ἡ

280 3840 378 3891 tuerer
395 3835 443 3890 ctis
458 3835 537 3890 τοῦτο
552 3828 704 3904 ἆγιοοῖαια.

131 3995 133 3998 ·
190 3967 194 3976 ’
247 3971 498 4042 13)1.ib.v11.p.
523 3973 584 4028 51⁸1.
609 3970 645 4024 Β
675 3969 893 4037 Terrenorum
918 4003 955 4018 ·-
979 3976 1029 4044 τὴν
1050 3979 1136 4036 εἰκόνα
1157 4009 1192 4027 —-
1213 3985 1377 4054 προσαπτέον

204 4093 210 4129 J
279 4059 390 4118 ἅπασαι
407 4064 464 4118 τοῖς
482 4060 637 4130 ἔμπροσθεν
652 4057 813 4124 λεγομένοις,
838 4058 886 4127 τὴν
904 4065 953 4130 μὲν
969 4060 1036 4117 dt’”
1019 4081 1106 4135 οψιως
1121 4073 1280 4140 φαινομένην
1299 4069 1375 4139 idpur

279 4147 313 4216 τῇ
299 4165 374 4198 ιιοα
361 4145 565 4214 desperaretur
586 4139 712 4210 οἰκήσιι’
695 4162 846 4212 αφομοιουι
848 4165 894 4196 ια·
914 4148 1067 4214 -riprtt
1049 4173 1101 4206 αιιι
1113 4148 1240 4224 ἆιάβασιν
1252 4177 1295 4208 aas
1287 4157 1374 4206 dtur

207 4254 212 4266 ’
231 4277 234 4295 ,
278 4233 331 4286 τῶν
349 4227 401 4286 riser
414 4229 473 4296 τὴν
480 4232 517 4288 tls
526 4227 580 4282 τὸν
596 4226 689 4294 νοητὸν
704 4227 785 4283 eduae
802 4231 846 4296 τῆς
862 4233 944 4300 ψυχῆς
960 4234 1057 4291 ἄνοδον
1071 4244 1159 4300 sedric
1174 4239 1222 4308 οὐχ
1233 4237 1374 4308 ἁμαρτήσει

104 4305 111 4314 .
210 4367 215 4390 ,
278 4319 326 4382 τῆς
350 4337 366 4386 r
370 4310 451 4386 ἒμῆι
470 4316 573 4383 statere
590 4345 624 4356 -
641 4315 730 4380 -111'2
750 4309 778 4367 d
795 4310 842 4368 οὖν
866 4317 925 4384 duod
941 4321 1084 4391 φαινόμενοι
1100 4323 1171 4380 οὕτω
1188 4329 1321 4396 φαίνεται,
1347 4326 1373 4374 lv

277 4403 315 4471 τῷ
331 4401 435 4470 γνωστῷ
453 4396 619 4456 renuerat
639 4400 688 4454 τοῦ
705 4399 813 4477 ἀγαθοῦ
829 4401 884 4456 ldr'u
903 4407 947 4458 aui
963 4405 1039 4480 pulpae
1055 4405 1192 4482 ὁρᾶσθαι,
1212 4405 1329 4482 dedomo
1346 4410 1373 4464 tt
