3056 4986
456 200 869 322 ,a-tot-

133 406 318 489 adoptatus'
337 413 406 470 orat
436 401 660 488 Hyperbolus,
705 421 797 486 quem
830 401 1086 500 Perithoidarum·
1120 431 1203 497 pago
1236 413 1293 478 ad·
1414 411 1419 420 ¹

131 509 284 591 seriptum
307 510 405 573 luisse
429 509 527 569 etiam
553 501 743 568 Plutarchus
766 505 799 566 in
821 501 988 570 Alcibiade
1010 531 1037 572 c.
1064 516 1121 574 1³.
1142 528 1175 578 et
1195 511 1292 579 Nicia

122 633 161 685 ,c
181 617 238 673 tt.
260 622 417 674 testatur,
455 607 630 693 Aliquanto
651 621 724 690 post
745 605 828 670 alius
849 607 1044 686 scholiasta,
1088 606 1209 695 dung,
1242 619 1292 682 in-

132 715 220 798 quit,
262 712 390 780 ἔστιδὲ
417 707 457 802 τῇ
482 708 628 794 ἀληθείᾳ
655 697 843 795 Χρέμητος,ι
885 708 927 787 ὡς
957 709 1155 797 Θιόιομπος
1182 719 1217 784 ἐν
1240 720 1291 804 τῷ

131 818 207 900 περὶ
231 810 444 901 δημαγωγῶν.
494 809 643 876 Naturali
665 812 763 900 igitur
782 824 873 896 patre
901 811 1107 903 llyperbohrs
1133 839 1198 884 non
1224 819 1291 886 Aa·
1329 819 1331 828 '

132 917 266 1000 tiphane
287 938 361 980 usus
382 927 450 992 est,
484 913 745 978 sedChremete.
797 909 904 986 Quum
927 913 1127 1000 Antiphanes
1145 913 1290 991 ,civitatis

132 1022 248 1084 atticae
264 1020 316 1082 ius
331 1018 520 1092 obtinuerit,
543 1019 584 1082 de
603 1016 774 1081 Chremeta
789 1015 878 1102 loqui
899 1019 1135 1084 existimandus
1156 1038 1206 1089 cst
1225 1024 1290 1088 An-

129 1123 261 1188 docides
276 1143 328 1207 ap.
344 1120 451 1186 Sobel.
469 1120 570 1206 Vesp,
592 1125 700 1185 1007.
715 1120 744 1201 (l
755 1122 854 1204 001.)
880 1122 954 1207 περὶ
973 1117 1172 1207 Ὑπερβόλου
1188 1131 1290 1212 λέγειν
1356 1152 1365 1165 ‘

110 1220 343 1312 Αιιιιιγύνιιμιιι·
371 1212 419 1291 οὗ
439 1221 457 1290 ὁ
482 1225 572 1307 (σοι
596 1221 678 1287 liber
698 1221 863 1302 Venetus,
889 1223 912 1285 i.
929 1243 958 1286 e.
981 1211 1008 1307 qi
1033 1223 1073 1312 d)
1096 1229 1156 1310 μὲν
1181 1229 1289 1318 πατὴρ

126 1333 309 1411 ἐστιγμένος
334 1325 380 1394 ἔτι
404 1328 460 1394 καὶ
472 1324 542 1394 nutv
567 1326 600 1393 ἐν
623 1324 667 1414 τῷ
692 1323 935 1413 ἀργυροκοπιίιρ
958 1320 1099 1396 δουλεύει
1122 1327 1165 1418 τῷ
1186 1333 1302 1416 ‹lepre--

127 1428 205 1512 ιιίῳ,
229 1428 248 1495 ὁ
270 1431 305 1494 δὲ
329 1430 419 1510 ξένος
441 1421 487 1492 ὢν
511 1431 567 1494 καὶ
591 1422 760 1515 βάρβαρος
785 1431 979 1512 λυχνοποιιῐ.
1012 1429 1178 1496 Andocide
1193 1435 1289 1518 igitur
1393 1445 1405 1460 “

126 1545 275 1608 auctore,
302 1545 337 1593 ιιι
351 1548 437 1594 recte
451 1527 635 1596 Meinekius
649 1527 711 1604 Qu.
727 1527 822 1592 Scan.
839 1527 879 1592 ll.
898 1551 928 1612 p.
947 1535 1025 1611 27„
1048 1548 1139 1616 pater
1154 1537 1288 1620 stigtna·

127 1637 189 1697 tias
204 1637 236 1696 in
253 1632 383 1717 publiea
399 1648 529 1696 tuonota
545 1630 654 1696 servili
670 1632 852 1696 conditione
866 1629 994 1697 babitus
1009 1650 1069 1698 est.
1121 1633 1202 1700 Cum
1225 1637 1288 1704 boc

117 1736 303 1801 'Andocidis
327 1737 519 1800 testimonio
544 1735 585 1798 de
611 1733 782 1799 Chremeta
808 1736 906 1798 etiam
932 1736 964 1798 id
992 1739 1160 1819 convenit,
1202 1740 1287 1826 quod
1350 1735 1351 1742 '

127 1859 211 1902 nunc
232 1839 385 1904 dicemus.
434 1835 547 1922 Neque
568 1838 653 1900 euim
676 1838 754 1901 satis
779 1833 961 1901 babuerunt
984 1836 1125 1918 Comici,
1159 1841 1286 1926 Hyper·

126 1939 236 2005 bolum
253 1943 349 2004 istum
371 1939 582 2006 Maricautem
597 1955 631 2004 ut
645 1943 849 2024 peregrinum
868 1940 1031 2022 homiuem
1053 1955 1147 2026 atque
1171 1941 1286 2010 barba·

124 2065 195 2106 rum
218 2043 369 2118 irridere,
400 2043 457 2106 sed
479 2041 621 2130 plerique
646 2063 759 2104 omnes
782 2063 853 2104 eum
878 2040 975 2127 plane
997 2064 1123 2106 servum
1143 2045 1286 2130 appella·
1381 2045 1389 2070 “

104 2158 206 2210 runt.
256 2143 329 2208 Huc
362 2147 515 2228 pertinet,
548 2157 582 2208 ιιι
608 2141 674 2207 alia
699 2142 835 2228 plurima
860 2147 1063 2226 omittamus,
1095 2144 1285 2214 Marieantis

97 2323 104 2332 ¹
126 2242 300 2330 Eupolidei
316 2246 368 2308 Fr.
380 2245 474 2312 xvi,
484 2243 590 2308 llunk.
616 2237 747 2313 Aodlwv
762 2241 872 2322 πόλιςι
901 2246 991 2330 quid,
1017 2248 1099 2332 quod
1113 2247 1284 2332 Polyzelus
1306 2243 1331 2278 ¹·
1359 2261 1361 2266 ’

122 2349 156 2411 in
179 2346 440 2432 Demetyndareo
462 2345 682 2431 Hyperbolum
704 2350 835 2410 natione
854 2347 1032 2432 Phrygem,
1061 2348 1155 2414 Plato
1177 2367 1284 2418 autem

124 2454 159 2513 in
174 2448 361 2534 Hyperbolo
377 2449 502 2534 optem
518 2449 653 2514 eundem
667 2450 795 2513 dixerat
809 2445 931 2533 (Schol.
947 2449 1079 2514 Lucian.
1095 2450 1117 2514 l.
1135 2452 1191 2540 l),
1213 2454 1283 2520 Iam

123 2573 201 2616 vero
228 2555 297 2638 quis
327 2554 475 2640 ignorat,
510 2553 618 2636 Lydos
644 2552 852 2638 Phrygasque
883 2573 942 2636 pro
969 2575 1133 2639 seruorum
1161 2555 1283 2624 ultimis

24 2719 28 2724 ,
123 2654 224 2739 vulgo
240 2654 366 2719 habitos
382 2655 474 2720 essai
507 2653 625 2720 Notum
642 2670 692 2721 eet
707 2654 787 2718 illud
805 2655 985 2740 Euripidis,
1013 2659 1095 2740 quod
1111 2661 1145 2720 iu
1159 2657 1283 2726 Avibus

115 2779 152 2821 av.
165 2763 272 2820 1244.
286 2756 366 2822 lusit
379 2756 625 2840 Aristophanes,
648 2750 769 2844 πότερα
781 2753 899 2824 Λυδὸν
912 2752 933 2839 ἢ
951 2756 1069 2845 Φρύγα
1078 2787 1148 2842 -,·
1174 2758 1282 2836 Quum

122 2862 220 2946 igitur
244 2857 366 2924 Cantici
387 2858 608 2942 Hyperbolum
631 2858 790 2943 Phrygem
815 2857 980 2940 Lydumve
1004 2875 1172 2938 uocarent,
1199 2863 1282 2929 nibil

123 2960 211 3024 aliud
229 2959 293 3041 illi,
320 2963 424 3026 iudice
441 2963 537 3026 etiem
559 2958 805 3052 Hemstetbusio
823 2961 864 3024 ad
878 2960 984 3026 Sobel.
1000 2961 1156 3042 Luciani,
1182 2967 1283 3051 signi·

105 3062 220 3128 -ficore
245 3063 429 3152 voluerum,
456 3086 550 3148 quem
576 3063 642 3128 vile
667 3065 860 3148 mancipium
877 3064 998 3144 fuisse,
1024 3067 1125 3133 seruis
1142 3071 1279 3150 parenti·
1337 3137 1345 3148 Ι

120 3164 181 3229 bus
204 3177 331 3231 natatu:
359 3165 471 3254 quales
491 3165 576 3250 Lydi
597 3181 629 3230 et
651 3165 795 3253 Phryges
815 3166 959 3246 inertum,
987 3170 1156 3232 notissima
1172 3191 1280 3236 servo·

120 3290 190 3330 rum
214 3273 355 3332 nomina.
408 3267 569 3342 Quocirca
595 3269 742 3333 bociam
764 3289 850 3333 nouo
871 3281 958 3354 patet
978 3285 1185 3356 argumento,
1213 3273 1282 3357 Hy·

119 3367 286 3453 perbolum
305 3369 775 3452 haudquaquamAntiphane,
801 3372 872 3432 cive
886 3374 1045 3453 ingenuo,
1073 3387 1183 3462 natum
1200 3375 1280 3438 fuis·
1383 3419 1386 3424 -

108 3494 174 3556 ⁸se,
196 3473 254 3535 sed
269 3473 374 3555 potius
390 3470 577 3564 Chremete,
594 3474 646 3555 qui
662 3491 758 3555 quum
776 3485 852 3533 nota
867 3473 992 3536 inustos
1008 3485 1091 3536 esset
1106 3488 1138 3536 et
1150 3473 1279 3557 publice
1377 3489 1383 3504 ⁸

117 3572 254 3638 Athenis
278 3576 428 3652 serviret,
463 3571 639 3639 rectissime
662 3573 750 3638 filius
771 3576 871 3656 patris
894 3578 978 3638 servi
1004 3597 1023 3638 a
1045 3572 1186 3640 Cornicis
1207 3561 1278 3662 ipse

118 3681 214 3740 etiam
238 3697 349 3740 servus
372 3674 553 3762 appellatus
576 3691 634 3740 est.
687 3673 779 3750 Quane
800 3697 895 3760 quum
911 3679 955 3740 ita
973 3679 1054 3757 sint,
1079 3677 1279 3762 gratulemur

115 3781 255 3864 primum
275 3778 368 3846 bono
391 3792 525 3843 nostres
546 3780 781 3844 matrimonium
806 3777 862 3844 tali
887 3782 1013 3844 demina
1040 3781 1277 3864 dignissimum,

115 3877 300 3944 Chremetis
312 3885 398 3950 serui
423 3883 463 3965 (a
477 3901 541 3964 quo
555 3897 662 3944 tamen
686 3896 797 3964 postea
815 3881 938 3944 videtur
952 3883 1177 3968 discessissel:
1204 3907 1277 3970 gra·
1369 3956 1374 3962 ¹

116 3982 256 4046 tulemur
270 3986 365 4047 etiam
381 3983 589 4068 amplissimis
603 3980 794 4066 parentibus
801 3981 958 4060 filiolum,
985 3981 1151 4066 Mysorum
1169 3989 1275 4071 potius

114 4069 400 4168 nltimam,‘quam
424 4088 695 4170 demagogorunr,
722 4087 775 4170 qui
797 4082 962 4150 sciliceta
980 4101 1143 4169 parentum
1160 4089 1275 4164 uirtute

115 4186 197 4252 nihil
211 4189 428 4271 degeneraret.
460 4188 526 4251 Sed
542 4207 637 4274 quum
653 4185 808 4250 Chremes
822 4204 886 4252 non
903 4190 1059 4272 privatam
1073 4175 1273 4271 seruitutem,

113 4287 353 4375 eeu-publicam
377 4293 409 4355 in
424 4303 556 4354 moneta
571 4291 717 4355 servierit
738 4291 791 4376 (ἓν
807 4292 851 4381 τῷ
866 4289 1110 4377 ἀργυροκοπιιῳ
1132 4284 1275 4360 δουλεύει

111 4391 160 4478 rqi
188 4390 352 4481 δημοσίῳ,
386 4403 424 4458 ut
445 4391 810 4482 supra·Andocides)t·
830 4390 874 4459 do
901 4406 1029 4459 caetero
1061 4395 1271 4480 suspicantur,
