3038 4976
540 274 598 300 -—
655 237 770 324 xxix
824 290 882 356 -7

134 441 334 536 mag'na‘in
353 441 590 513 convivarum
614 439 825 532 frequentia
848 463 969 516 sermo
994 445 1153 537 iniectus
1174 456 1231 518 est
1248 449 1296 520 dc

135 591 250 650 versu
274 572 538 665 Aristophanis
563 571 731 644 Nubium
748 585 850 646 nto.
877 578 917 646 in
946 597 1018 668 qun
1033 574 1246 674 ’θοιμάτιον
1274 601 1298 652 a
1394 629 1401 635 -

133 729 194 780 me
223 719 306 780 erat
337 708 377 778 in
413 700 601 801 θυμάτων
633 715 824 778 mutatum.
842 741 861 800 f
891 707 953 794 lbi
988 731 1100 802 quum
1136 709 1317 790 dicerem
1370 739 1372 746 ’

126 821 326 934 Reisigio,
356 858 432 912 non
450 835 606 928 dubito,
638 839 728 933 quin
747 848 791 911 tu
814 839 1045 914 auditoribus
1065 843 1161 932 tuis,
1186 867 1300 938 quum

136 972 242 1045 iliam
263 975 556 1061 emendationem
577 975 906 1064 commemorabas,
931 977 1196 1049 occlamaveris
1213 999 1299 1050 esso

90 1085 396 1179 'sanissimam
428 1077 615 1200 proiecto,
645 1107 787 1201 inquit,
816 1105 900 1178 dixi
924 1107 1004 1180 hoc.
1058 1107 1159 1181 Tum
1185 1113 1301 1184 multo
1398 1091 1404 1103 Ἴ

124 1208 223 1310 cum
249 1240 347 1328 risu,
380 1263 489 1334 quam
516 1241 597 1332 ipse
624 1241 800 1312 attulerat
828 1240 1133 1335 explicationem,
1173 1252 1326 1338 contra¹
1360 1305 1369 1316 .

139 1371 372 1444 mechanioes
399 1374 502 1467 leges
522 1383 728 1460 extremam
753 1383 896 1465 partem
915 1374 1083 1468 vernaculi
1105 1375 1234 1468 digitis
1253 1377 1301 1450 ab

141 1505 296 1576 {cerate
319 1506 513 1576 inflexam
529 1589 531 1592 ¹
550 1505 744 1593 dictitans,
790 1505 844 1576 ita
878 1505 914 1575 ei
949 1516 1096 1579 extorta
1134 1517 1210 1593 est,
1260 1519 1303 1582 at
1407 1543 1410 1553 =
1506 1601 1507 1612 χ

141 1649 327 1733 postremo
368 1636 546 1720 corrfiteri
570 1659 735 1708 errorem
776 1621 991 1731 cogeretur,
1034 1621 1302 1733 verissimeque

141 1771 346 1865 repositum
372 1789 455 1840 esse
481 1771 702 1843 concederet
727 1765 926 1879 depudesco.
976 1770 1016 1842 Is
1043 1771 1124 1843 dies
1149 1773 1303 1870 mamus

141 1907 233 1994 fuit,
274 1926 345 1998 quo
379 1925 462 1974 eum
496 1903 593 1993 vidi,
626 1905 827 1998 boumque·
844 1925 926 1976 cum
953 1903 1051 1975 rotis
1084 1915 1123 1976 et
1154 1873 1303 1978 monitis

143 2061 225 2112 sum
254 2028 512 2132 prosequutus,
556 2035 795 2130 ¹Sperabam,
819 2037 867 2108 rsi
891 2027 1091 2108 multorum
1115 2037 1305 2112 hominum
1374 2121 1382 2129 ‚

143 2159 267 2242 mores
292 2156 450 2239 vidisset
476 2178 514 2239 et
534 2167 667 2254 arbes,
703 2164 969 2262 didicissetque
994 2191 1069 2240 non
1096 2191 1179 2242 esse
1206 2183 1306 2244 erra·
1406 2172 1414 2182 “

144 2323 187 2374 re
208 2310 336 2392 turpe,
370 2276 507 2370 sisine
533 2300 762 2393 turpitudine
790 2309 998 2406 erraretur,
1026 2323 1199 2395 magnum
1223 2303 1307 2374 foro

145 2437 271 2506 lumen
295 2432 431 2504 litteris
457 2440 496 2503 et
520 2433 699 2505 eximium
728 2443 980 2506 ornamentum
1003 2435 1157 2526 patriae.
1209 2435 1307 2508 Nam
1348 2418 1352 2436 ⁸

145 2568 210 2638 iile
237 2587 340 2637 amor
372 2565 472 2654 veri,
504 2565 572 2636 iila
603 2567 826 2660 contemptio
854 2568 973 2666 salsae
1006 2589 1051 2638 ac
1078 2587 1195 2638 vanae
1227 2571 1306 2663 glo·

145 2701 244 2786 riae,
284 2697 353 2768 ilia
390 2698 520 2808 animi
546 2671 760 2800 magnitudo
800 2722 875 2771 non
911 2701 1189 2773 reformidantis
1223 2722 1307 2772 cou-
1352 2736 1355 2740 ·

145 2829 342 2902 viatorem
371 2830 531 2916 erroris,
572 2830 638 2900 scd
676 2832 925 2906 existimantis
963 2833 1110 2906 initium
1144 2853 1218 2903 non
1251 2857 1314 2913 er·‚

146 2963 384 3049 randi'esse,
420 2959 584 3032 baccea
612 2971 717 3048 sunt,
760 2983 870 3066 quac
888 2986 957 3057 ego
991 2976 1029 3034 et
1069 2965 1236 3036 excitare
1267 2966 1307 3037 in
1352 3053 1357 3060 .

147 3095 282 3168 animis
304 3095 477 3166 iuvenum
504 3103 542 3166 et
566 3095 669 3166 olere
698 3096 826 3186 cupio,
859 3095 952 3165 haec
984 3096 1171 3167 vinculum
1202 3098 1307 3186 iilud,
1328 3177 1361 3198 s

32 3235 42 3250 ‘
148 3251 221 3322 quo
241 3249 319 3320 ego
351 3237 388 3297 et
420 3228 522 3320 ipsos
554 3227 653 3298 inter
688 3249 771 3299 sese
803 3237 841 3298 et
870 3249 1013 3298 mecum
1040 3229 1215 3322 coniungi
1243 3251 1308 3300 ex·
1356 3286 1359 3296 a

147 3370 251 3453 pet03
278 3357 369 3428 baec
393 3360 451 3427 vis
475 3359 543 3428 ilia
566 3359 726 3442 invicta,
756 3377 829 3449 qua
857 3357 963 3448 firmo
987 3371 1098 3451 atque
1124 3362 1308 3453 intrepido
1331 3376 1358 3440 ¹,

58 3503 61 3508 ·
147 3491 267 3585 gradu
302 3490 522 3592 procedunt
542 3489 770 3568 incrementa
810 3488 1079 3578 doctrinarum3
1123 3491 1214 3562 haec
1248 3493 1310 3563 via

136 3597 222 3695 ¹non
252 3623 302 3693 ad
332 3631 563 3713 praesentem
595 3622 876 3692 admirationem
910 3621 1013 3715 vulgi
1051 3643 1100 3692 ex
1136 3624 1309 3695 clamoris
1421 3619 1425 3624 ’

147 3753 404 3849 magnitudine
437 3754 580 3846 pondus
610 3752 791 3825 dictorum
818 3753 1050 3828 aestimantis
1075 3766 1206 3849 atque,
1244 3757 1310 3827 ubi

144 3890 290 3974 fumum
313 3886 445 3974 videt,
463 3874 693 3988 lucemvesse
717 3885 899 3979 putantis,
926 3890 992 3959 sed
1021 3887 1068 3957 ad
1095 3888 1310 3960 duraturam
1342 3867 1357 3976 Υ,

148 4019 451 4112 approbationem
481 4019 671 4088 docturum
702 4017 814 4112 atquc
851 4020 1100 4107 cruditorum,
1139 4043 1214 4091 nou
1240 4021 1310 4090 tin·
1379 3997 1387 4002 ”

125 4153 231 4238 3nitu
256 4151 420 4236 aurium,
457 4151 525 4220 sed
556 4153 690 4221 mentis
716 4151 797 4220 acie
825 4151 1086 4237 indicantium,
1120 4152 1311 4244 lucemque

123 4285 234 4355 *esse
264 4284 510 4369 censentium,
553 4282 619 4368 ubi
651 4292 824 4373 cernatur
851 4282 994 4375 aliquid
1024 4283 1134 4352 clare.
1187 4283 1310 4377 Atque
1426 4335 1428 4342 -

149 4415 220 4486 boc
252 4415 306 4485 ita
338 4435 405 4510 per
434 4400 631 4491 societatis
667 4411 836 4518 Graecae
870 4397 1134 4492 amicissimum
1165 4439 1310 4488 consor·
